3159 4950
239 442 257 504 8
591 437 618 492 S.
645 437 783 492 Aureli
810 435 1030 506 Augustini

237 633 446 710 substantiae,
470 632 603 697 formem
627 631 712 714 capit
744 635 776 696 et
807 631 845 695 fit
866 632 1007 715 perfecta
1029 634 1193 696 creatura?
1225 631 1317 694 utin
1341 650 1389 708 eo,

237 739 322 821 quod
354 740 511 822 scriptura
542 742 661 804 narrat:
697 738 795 802 dixit
826 739 932 804 deus:
965 737 1047 816 fiat,
1081 738 1306 822 intellegamus
1339 737 1389 801 dei

237 845 358 910 dictum
381 846 602 929 incorporeum
625 845 657 910 in
680 848 795 910 natura
816 845 907 909 uerbi
926 845 994 909 eius
1014 845 1189 923 coaeterni,
1208 845 1389 910 reuocantia

238 952 277 1016 ad
301 971 335 1018 εθ
358 953 621 1034 inperfectionem
645 955 816 1033 creaturae,
850 955 887 1017 ut
914 971 976 1017 non
1005 952 1049 1016 eit
1069 951 1225 1029 informis,
1251 951 1306 1016 sed
1328 951 1389 1015 for-

237 1063 342 1125 metur
365 1059 542 1124 secundum
566 1059 701 1144 singula,
727 1077 809 1140 quae
832 1058 1053 1141 perordinem
1077 1058 1252 1140 exequitur.
1276 1057 1391 1140 inqua
1423 1079 1439 1116 e

238 1166 445 1232 conuersione
470 1169 502 1228 et
524 1165 709 1230 formatione
734 1164 810 1247 quia
831 1183 887 1247 pro
917 1182 975 1228 suo
999 1163 1094 1228 modo
1127 1163 1272 1226 imitetur
1295 1164 1390 1228 deum

238 1274 381 1348 uerbum,
414 1274 473 1337 hoc
503 1276 553 1336 θεῖ
599 1271 649 1336 dei
672 1272 774 1336 filium
799 1290 924 1354 semper
946 1271 1027 1354 patri
1053 1269 1274 1334 cohaerentem
1297 1270 1392 1354 plena

239 1379 448 1444 similitudine
472 1383 505 1443 et
528 1379 666 1443 essentia
688 1378 766 1462 pari,
800 1397 863 1460 qua
893 1378 964 1460 ipse
997 1381 1030 1441 et
1060 1380 1150 1460 pater
1182 1396 1281 1441 uuum
1305 1379 1390 1453 sunt,

240 1505 301 1550 non
325 1489 433 1550 autem
456 1485 600 1550 imitatur·
623 1485 704 1550 hano
727 1485 818 1549 uerbi
840 1485 984 1562 sormam,
1009 1483 1037 1548 ei
1065 1502 1177 1548 auersa
1204 1502 1223 1546 a
1251 1487 1392 1548 creatora

238 1592 382 1658 informis
407 1595 440 1657 et
460 1591 636 1675 inperfecta
658 1593 829 1667 remaneat,
853 1593 1022 1674 propterea
1050 1589 1108 1653 filii
1132 1590 1390 1654 commemoratio
1412 1611 1441 1650 ro

238 1719 300 1764 non
323 1699 369 1762 ita
391 1699 437 1776 fit,
462 1699 536 1781 quia
567 1698 712 1774 uerbum,
746 1698 802 1762 aed
834 1701 971 1776 tantum,
1005 1697 1080 1779 qnia
1110 1696 1302 1779 principium
1330 1699 1391 1774 est,

242 1826 313 1871 oum
339 1806 468 1870 dieitur:
494 1807 531 1870 in
555 1805 745 1889 principio
769 1805 864 1869 fecit
886 1805 982 1869 dens
1007 1805 1153 1869 eaelum
1177 1806 1215 1866 et
1237 1807 1391 1878 terram;

241 1912 402 1977 exordium
435 1913 552 1995 qnippe
590 1915 750 1977 creaturae
782 1911 961 1976 insinuatur
997 1910 1101 1975 adhue
1132 1911 1165 1974 in
1197 1910 1392 1974 informitate

239 2019 475 2102 inperfectienie
501 2070 507 2084 .
531 2019 568 2083 fit
591 2023 698 2083 autem
721 2018 780 2082 filii
805 2019 1072 2095 commemoratio,
1098 2018 1302 2100 quodetiam
1321 2035 1392 2081 uer-

240 2127 317 2189 bum
342 2129 401 2204 eet,
425 2127 457 2190 in
482 2146 529 2204 eo,
555 2126 640 2210 quod
663 2125 818 2208 seriptum
842 2129 905 2190 est:
931 2125 1028 2189 dixit
1049 2125 1156 2189 deuo:
1175 2124 1256 2202 fiat,
1280 2126 1318 2187 nt
1334 2141 1392 2204 per
1411 2143 1441 2183 ιε

239 2232 283 2310 id,
308 2233 394 2314 quod
416 2233 607 2316 principium
631 2235 689 2310 est,
713 2232 856 2297 insinuet
884 2233 1045 2297 exordium
1076 2220 1238 2298 oreatnrte
1261 2231 1394 2295 eristen-

240 2338 283 2402 tis
302 2339 341 2402 ab
360 2338 415 2402 illo
435 2336 538 2402 adhuc
561 2336 762 2419 inperfectae,
787 2337 898 2420 perid
921 2341 1040 2416 autem,
1064 2338 1149 2420 quod
1171 2337 1306 2401 uerbum
1330 2337 1393 2407 θεῖ,

241 2445 382 2511 insinuet
404 2445 631 2529 perfectionem
654 2448 815 2510 creaturae
842 2447 1011 2510 reuocatae
1040 2444 1079 2509 ad
1108 2463 1190 2523 enm,
1220 2445 1258 2507 nt
1280 2443 1393 2508 forma-

242 2556 329 2616 retur
351 2552 541 2617 inhaerendo
566 2552 699 2617 creatori
722 2554 754 2616 θῖ
777 2571 833 2634 pro
857 2570 915 2615 suo
944 2569 1059 2634 genere
1081 2550 1235 2615 imitando
1258 2549 1392 2613 formam

243 2657 436 2740 sempiterne
469 2660 565 2738 atque
597 2655 903 2722 incommutabiliter·
933 2656 1148 2721 inhaerentem
1172 2655 1264 2737 petri,
1288 2674 1306 2717 a
1330 2671 1392 2735 quo
1410 2674 1444 2715 ao

245 2764 353 2828 statim
377 2763 437 2829 hoc
462 2766 520 2840 θεῖ,
545 2763 632 2845 quod
654 2763 719 2829 ille.

289 2874 320 2935 5.
342 2870 414 2935 Non
438 2871 522 2935 enim
545 2870 642 2935 habet
664 2870 831 2934 informem
853 2870 953 2934 uitam
978 2871 1112 2934 uerbum
1133 2869 1231 2948 filins,
1256 2868 1308 2934 cui
1331 2889 1393 2933 non

244 2978 348 3042 solum
371 2976 432 3041 hoc
456 2980 505 3041 eet
527 2996 598 3041 θεεθ
622 2976 706 3059 quod
729 2977 850 3053 ninere,
874 2975 931 3040 aad
950 2977 1047 3041 etiam
1065 2976 1126 3041 hoo
1149 2978 1199 3040 θεῖ
1221 2976 1251 3040 ei
1273 2976 1392 3052 uiuere,

245 3083 329 3167 quod
353 3086 403 3148 θεῖ
426 3083 584 3165 sapienter
607 3102 643 3148 ec
666 3084 758 3147 beate
781 3083 901 3147 uiuere.
930 3084 1074 3147 ereatura
1101 3102 1178 3147 uero
1202 3100 1393 3164 quamquam

245 3190 396 3271 spiritalis
430 3194 463 3254 et
493 3190 720 3255 intellectualis
752 3190 807 3255 uel
837 3189 1013 3266 rationalis,
1051 3208 1131 3271 quae
1163 3189 1291 3253 uidetur
1323 3206 1394 3253 θεεθ
1412 3218 1444 3256 aa

244 3298 293 3362 illi
316 3298 412 3361 uerbo
436 3295 655 3380 propinquior,
688 3299 797 3380 potest
828 3296 945 3361 habere
977 3296 1142 3360 informem
1174 3296 1286 3374 uitam,
1319 3294 1395 3378 quia

229 3422 316 3481 non,
342 3402 427 3467 sient
449 3401 510 3467 hoo
534 3406 584 3467 est
612 3402 640 3467 ei
669 3422 739 3467 θεεθ
764 3402 848 3484 quod
876 3403 994 3482 uiuere,
1018 3403 1066 3466 ita
1092 3402 1153 3467 hoc
1175 3402 1285 3467 uiuere
1308 3401 1395 3484 quod

334 3610 351 3664 8
372 3610 404 3667 cf.
424 3609 483 3663 Ioh.
504 3610 546 3674 10,
566 3610 601 3663 30

283 3734 441 3787 3naturarn
460 3730 526 3787 ΡΕ2
616 3732 673 3787 eiua
696 3748 748 3787 om.
767 3732 807 3786 E¹
899 3750 951 3802 quo
975 3734 1079 3787 aeterni
1097 3734 1125 3789 R
1215 3734 1350 3789 reuocatis
1367 3733 1396 3789 R

247 3822 438 3890 {raraequitnr
455 3820 495 3876 E¹
585 3822 695 3891 oquin]
717 3838 771 3891 qua
788 3822 852 3890 Ειιρ
958 3822 1018 3892 pro]
1037 3838 1085 3892 per
1102 3822 1140 3875 P¹
1230 3823 1394 3877 7eoheren·

245 3912 302 3963 tem
320 3910 351 3963 E
367 3908 559 3978 quoherentem
577 3909 605 3964 R
621 3913 750 3963 coerente
767 3908 807 3963 Ρ1
860 3909 878 3963 8
897 3910 971 3979 pani
991 3912 1015 3977 (t
1031 3912 1114 3979 arca)
1133 3911 1187 3966 PR
1246 3911 1280 3965 10
1297 3910 1337 3964 fili
1354 3910 1395 3964 E¹

246 3998 297 4051 filii
317 3997 336 4068 (i
354 3998 403 4064 pto.
422 4014 456 4049 m.
478 3998 489 4050 1
510 4001 654 4066 euperem.)
674 3997 701 4051 P
756 3997 1064 4068 11tantum]etiamo
1120 4001 1154 4052 14
1171 4000 1210 4053 fili
1224 3999 1264 4053 E¹
1319 4000 1354 4053 15
1366 4001 1393 4053 in

247 4088 290 4157 eo]
309 4103 341 4141 eo
359 4085 483 4141 Platea
501 4088 563 4140 eto
610 4088 643 4141 16
663 4087 818 4141 exsistentia
836 4087 891 4143 PR
937 4090 971 4143 18
989 4088 1153 4143 formaretur
1170 4089 1210 4145 R¹
1266 4090 1299 4143 19
1317 4088 1394 4141 inhe-

246 4174 328 4228 rendo
352 4174 408 4228 ΕΡ
495 4173 530 4227 20
552 4176 730 4244 sempiternae
752 4176 783 4229 Ε
804 4177 984 4245 sempiternae
1006 4176 1060 4231 Rs
1147 4178 1317 4231 inherentem
1339 4166 1396 4230 ΕΡ

247 4264 319 4333 patri
333 4264 357 4329 (t
368 4278 390 4317 ε,
406 4263 423 4317 l.
439 4279 473 4317 m.
487 4263 514 4329 2)
530 4264 560 4317 Ε
594 4264 625 4317 21
648 4264 753 4332 statim]
768 4265 876 4317 tanturn
890 4264 1095 4335 E¹otatnEuy
1138 4267 1173 4320 23
1183 4272 1226 4320 ast
1232 4283 1278 4335 pr.
1289 4284 1341 4321 om.
1354 4266 1394 4320 12¹

249 4351 591 4421 einiuereluiueredan
627 4351 662 4405 24
672 4354 713 4421 ac]
724 4352 777 4406 eti>
833 4352 996 4409 beataeER
1032 4354 1159 4409 aornos
1192 4354 1395 4409 tisicutnout
