3159 4950
385 461 427 516 de
454 461 598 518 Genesi
626 461 670 516 ad
695 461 879 516 litteram
907 460 972 516 lib.
1000 460 1051 516 111.
1247 464 1289 528 85

145 659 180 722 et
215 657 440 722 uolatilium
477 655 575 721 oaeli
611 659 649 720 et
685 655 850 721 omnium
886 673 1064 738 pecorum
1098 658 1134 720 et
1171 654 1290 721 omnia

144 767 265 830 terrae
290 766 327 829 et
350 763 513 830 omnium
536 762 735 848 reptilium
755 761 970 846 repentium
1000 781 1114 846 super
1140 764 1289 830 terram.

146 874 181 936 et
207 869 306 936 dixit
333 869 441 936 deuo:
476 888 562 935 eoee
590 869 675 934 dedi
703 868 815 934 uobis
844 887 948 934 omne
976 869 1156 952 pabulum
1184 868 1289 934 semi·

144 979 227 1043 nale
259 978 450 1042 seminans
480 996 617 1055 semen,
641 967 740 1061 quod
764 979 823 1042 eet
846 995 958 1060 super
981 995 1123 1042 omnem
1141 979 1289 1056 terram,

116 1087 181 1148 eet
208 1103 315 1149 omne
341 1083 504 1170 lignum,
533 1081 632 1167 quod
660 1082 839 1150 hebetia
868 1101 907 1148 ee
935 1083 1100 1148 fructum
1133 1083 1319 1150 seminia·

144 1189 341 1256 seminalia
364 1227 409 1238 —-
431 1189 542 1257 uobie
565 1191 639 1256 erit
661 1191 706 1256 ad
729 1209 853 1257 oeoam
877 1194 915 1256 et
946 1192 1118 1257 omnibus
1150 1189 1290 1256 bestiis
1356 1181 1359 1188 ⁴

144 1303 268 1362 terrae
297 1300 335 1362 et
363 1297 539 1363 omnibus
571 1297 804 1363 uolatilibua
835 1297 935 1364 oaeli
961 1299 999 1362 et
1027 1298 1125 1364 omni
1157 1296 1290 1381 reptili

144 1403 293 1487 repenti
309 1423 422 1489 auper
439 1403 871 1486 terram‚quodhabetin
887 1404 1118 1488 suspiritum
1132 1405 1289 1470 uitae-

145 1513 182 1574 et
204 1529 314 1576 omne
338 1513 521 1596 pabulum
542 1511 667 1578 uiride
689 1513 727 1577 in
751 1531 884 1578 eooam.
917 1514 955 1577 et
976 1512 1118 1578 laetum
1142 1514 1200 1578 eat
1222 1511 1289 1606 aio.

105 1638 127 1675 u
144 1621 182 1682 et
203 1617 312 1684 uidit
332 1617 423 1684 deue
447 1619 585 1698 omnia,
609 1637 703 1702 qnae
730 1617 838 1696 feeit,
868 1620 906 1682 et
932 1637 1018 1686 eooe
1046 1619 1141 1684 bona
1167 1618 1289 1684 ualde.

144 1727 182 1796 et
204 1724 310 1790 faeta
333 1727 393 1789 eet
414 1743 585 1807 uespera,
610 1727 647 1790 ot
668 1724 812 1789 laetum
836 1727 895 1790 est
917 1742 1021 1790 mane
1045 1723 1125 1790 dies
1148 1727 1288 1790 aextna

144 1831 241 1896 etiam
264 1834 361 1913 atque
384 1831 481 1896 etiam
504 1831 544 1897 de
570 1834 684 1897 natum
710 1831 848 1897 hominis
877 1833 952 1915 poet
978 1830 1038 1897 erit
1064 1831 1191 1898 uberior
1217 1850 1289 1898 eon·

144 1937 305 2002 siderandi
322 1940 355 2003 et
374 1937 561 2023 diligentius
581 1937 757 2004 disserendi
774 1937 878 2004 loona.
902 1955 986 2004 nuno
1004 1940 1122 2016 tamen,
1141 1941 1179 2002 ut
1197 1957 1292 2022 opera

143 2063 197 2110 sea
229 2045 353 2111 dierum
385 2049 493 2110 nostra
524 2045 690 2128 inquisitio
721 2043 990 2128 pertractatioque
1023 2045 1202 2124 concludat,
1228 2047 1289 2112 hoo

105 2181 127 2220 a
142 2152 281 2236 primum
303 2151 444 2217 breuiter
466 2151 603 2218 dicimus
626 2171 688 2218 non
710 2151 925 2217 indifferenter
952 2150 1180 2235 accipiendum,
1205 2151 1291 2235 quod

143 2258 177 2322 in
212 2258 285 2322 aliie
318 2257 466 2340 opeiiboo
499 2257 632 2322 dicitnr:
674 2256 771 2322 dixit
807 2256 913 2322 deue:
951 2256 1041 2336 fiat,
1078 2257 1131 2323 hie
1168 2261 1289 2324 autem:

144 2363 241 2429 dixit
259 2363 368 2429 deus:
392 2363 579 2429 faciamus
602 2363 790 2430 hominem
815 2361 859 2430 ed
881 2363 1081 2449 imaginem
1101 2367 1139 2429 et
1157 2365 1288 2430 simili-

142 2469 313 2559 tudinem
346 2476 525 2551 nostram,
553 2469 594 2536 ad
619 2469 843 2537 insinuandam
871 2470 1005 2553 scilieet,
1038 2475 1076 2536 ut
1101 2471 1148 2537 ite
1174 2470 1287 2553 dioam,

142 2577 363 2660 pluralitatem
380 2596 587 2661 personatum
609 2580 738 2662 propter
759 2582 882 2662 patrem
906 2578 1063 2657 etlilium
1086 2580 1118 2643 et
1141 2578 1288 2663 spiritum

103 2712 127 2755 a
144 2688 299 2749 sanetum.
329 2702 425 2766 quam
448 2687 555 2749 tamen
579 2684 708 2750 deitatie
730 2684 888 2751 unitatem
910 2684 1156 2771 intellegendam
1179 2686 1289 2751 statim

145 2790 295 2855 admonet
322 2790 450 2857 dioene:
484 2790 645 2857 etfacit
677 2791 767 2857 deuo
796 2792 983 2857 hominem
1010 2792 1055 2857 ad
1085 2792 1288 2878 imaginem
1404 2788 1406 2795 ’

143 2895 212 2974 dei,
236 2916 300 2962 non
324 2898 418 2980 quasi
439 2900 531 2981 pater
553 2896 594 2962 ad
614 2898 787 2983 imaginem
805 2898 864 2963 filii
882 2900 938 2963 aut
955 2898 1042 2964 filine
1060 2900 1100 2965 ad
1116 2899 1289 2984 imaginem

142 3002 241 3084 patris
276 3039 322 3051 -
353 3003 494 3086 alioquin
531 3021 594 3068 non
629 3022 705 3067 uere
742 3002 865 3068 dietum
902 3006 969 3069 eet:
1007 3003 1052 3069 ad
1087 3004 1288 3091 imaginem

143 3112 326 3186 nostram,
355 3108 384 3174 ei
411 3109 452 3174 ad
477 3110 577 3194 patnie
605 3110 707 3175 eolina
735 3100 792 3175 aut
822 3110 864 3175 ad
894 3110 952 3175 lilii
985 3110 1086 3177 soline
1117 3111 1288 3198 imaginem

105 3240 126 3277 a
145 3214 248 3281 lautus
272 3214 441 3281 esthemo
463 3254 507 3264 —
531 3216 590 3281 eed
612 3215 658 3280 ita
680 3215 817 3308 dietum:
852 3216 947 3283 feeit
974 3216 1065 3283 deus
1094 3216 1138 3283 ad
1160 3218 1288 3303 imagi·

144 3341 224 3386 nom
248 3322 320 3400 dei,
343 3324 508 3406 tamquam
528 3322 703 3388 diceretur:
727 3323 806 3389 iecit
827 3322 904 3389 deuo
929 3322 969 3389 ad
990 3323 1163 3408 imaginem
1186 3342 1288 3390 auam.

144 3444 216 3492 eum
239 3432 348 3493 autem
371 3447 455 3493 nuno
479 3428 614 3495 dieitur:
643 3429 687 3495 ad
710 3429 912 3514 imaginem
936 3429 1010 3508 dei,
1038 3448 1111 3495 oum
1141 3429 1287 3513 superine

144 3534 266 3599 dictum
289 3534 351 3599 eit:
381 3535 425 3601 ad
452 3535 656 3621 imaginem
683 3538 861 3615 nostram,
886 3534 1093 3620 significatur,
1118 3536 1203 3619 quod
1224 3555 1288 3601 nou

143 3640 174 3705 id
198 3644 272 3727 agat
295 3641 352 3707 illa
373 3642 541 3725 pluralitas
560 3662 777 3726 personarum,
795 3646 833 3708 ut
850 3644 957 3726 plures
977 3642 1054 3709 deos
1073 3644 1126 3708 uel
1145 3643 1287 3708 dicamne

178 3866 496 3937 lpeeorum-omoium
521 3866 616 3922 oon.S
684 3866 864 3937 treptilium
888 3866 985 3921 om.0
1056 3868 1202 3923 aomnem
1225 3866 1289 3922 E¹S

142 3990 270 4067 pannium
287 3989 327 4044 κῖι
399 3990 557 4052 seminalem
575 3990 615 4045 E¹
668 3961 803 4045 ‹itai-ram
823 3964 929 4045 o'r'nnem
947 3992 977 4047 Ε
1029 3991 1176 4046 beaminie
1194 3990 1289 4049 οπως

142 4078 255 4133 'domne
272 4078 312 4133 E¹
384 4079 526 4133 90mnem
543 4079 584 4134 E¹
655 4079 784 4149 panulum
803 4078 843 4133 Ει
914 4078 1029 4135 uiridem
1047 4080 1086 4135 Ε1
1161 4080 1194 4134 10
1213 4080 1284 4151 ecee]

141 4183 749 4272 mm&1,n,2ffl,0000030mtap,)ss
818 4170 899 4258 ualde
911 4172 1019 4259 bound]
1041 4204 1073 4259 11
1077 4202 1286 4273 pateatnmSR

142 4292 174 4346 12
191 4294 256 4362 poet
274 4290 338 4359 erit]
357 4289 497 4361 poteritaS'
549 4290 584 4344 14
600 4290 787 4361 inquisitioR
842 4291 874 4347 18
892 4290 1085 4347 insinuandum
1098 4292 1127 4347 R
1180 4292 1213 4347 al
1229 4308 1286 4347 am·

140 4382 231 4434 monet
249 4378 354 4434 Pauo
388 4378 693 4435 atadou.om.1>od
746 4378 786 4433 flli
803 4379 845 4435 Ει
880 4380 915 4435 25
924 4386 991 4449 poet
1009 4379 1112 4437 dictum
1132 4380 1198 4437 odd.
1212 4382 1287 4435 estd
