3159 4950
233 507 297 572 322
591 544 597 558 .
627 503 765 558 Aureli
791 503 1011 573 Augustini

232 699 317 782 quod
341 698 488 763 sacerdos
513 697 658 763 Christus
682 717 739 780 per
761 698 853 763 illum
878 697 1109 782 praefiguratus
1133 700 1192 771 est,
1217 698 1271 780 qui
1295 698 1378 764 deci·

232 804 334 870 mauit
356 804 524 880 Abraham,
548 805 580 868 in
605 823 666 888 quo
700 807 732 868 et
763 805 834 888 ipse
852 803 932 868 Leni
955 802 1131 868 decimatus
1154 807 1214 879 est,
1237 805 1378 887 prolecto

234 910 379 978 Christus
404 911 443 976 ab
467 929 502 975 co
526 929 588 976 non
613 913 662 975 est
686 910 874 975 decimatus.
908 913 941 974 at
963 909 992 974 si
1013 914 1181 993 propterea
1203 911 1380 977 decimatus

234 1023 284 1085 est
314 1019 403 1096 Laui,
436 1017 510 1101 quia
540 1019 572 1083 in
605 1018 724 1083 lumbis
757 1021 825 1082 erat
851 1017 1007 1093 Abrahae,
1039 1021 1206 1101 propterea
1237 1037 1299 1082 non
1332 1023 1381 1082 est

235 1127 410 1192 decimatus
435 1125 591 1204 Christus,
615 1127 772 1209 quianon
799 1125 920 1191 eratin
943 1124 1064 1190 lumbis
1087 1124 1241 1189 Abrahae.
1288 1143 1380 1208 porro
1414 1143 1426 1181 ⁵

236 1238 353 1312 autem,
391 1234 419 1299 si
453 1253 514 1298 non
553 1232 728 1297 secundum
766 1233 913 1309 animam,
952 1232 1008 1296 sed
1043 1235 1170 1296 tantum
1206 1231 1380 1296 secundum

235 1359 360 1407 carnem
384 1338 558 1423 accipimus
572 1339 650 1404 Leni
673 1339 773 1404 fuisse
793 1339 825 1404 in
839 1338 1009 1415 Abraham,
1026 1338 1072 1402 ibi
1091 1341 1159 1402 erat
1176 1341 1210 1402 et
1223 1337 1380 1405 Christus.

236 1448 309 1531 qnia
324 1450 357 1512 et
371 1445 517 1512 Christus
542 1445 716 1510 secundum
740 1454 871 1511 carnem*
891 1465 927 1510 er
950 1445 1070 1510 semine
1095 1447 1145 1510 est
1167 1443 1325 1518 Abraham
1350 1448 1383 1509 et

235 1553 304 1636 ipse
330 1553 439 1636 itaque
467 1552 642 1618 decimatus
670 1556 729 1619 est.
758 1552 836 1634 quid
863 1556 914 1618 est
941 1571 1025 1636 ergo,
1043 1551 1139 1635 -quod
1163 1550 1305 1636 adfertur
1325 1570 1381 1633 pro
1466 1581 1472 1588 ·
1502 1612 1515 1626 ⁴
1547 1596 1555 1607 .

236 1678 352 1744 magna
369 1658 544 1724 differentia
563 1657 730 1724 sacerdotii
745 1657 863 1724 Christi
879 1677 897 1722 a
911 1658 1087 1723 sacerdotio
1101 1658 1190 1736 Leni,
1205 1656 1290 1740 qaod
1304 1657 1383 1722 Leni
1403 1673 1428 1712 1⁰

237 1767 414 1832 decimatus
430 1764 760 1843 estaMelchisedech,
772 1784 845 1830 curn
856 1765 981 1830 essetin
992 1763 1110 1830 lumbis
1121 1764 1274 1842 Abrahae,
1285 1763 1340 1828 ubi
1351 1766 1384 1829 et

238 1873 384 1939 Christus
413 1875 489 1950 erat,
517 1871 601 1936 unde
628 1871 745 1954 pariter
772 1870 923 1936 decimati
950 1874 1034 1948 sunt,
1063 1871 1125 1936 nisi
1152 1872 1226 1955 quia
1252 1889 1382 1936 necesse

239 1982 289 2045 est
309 1979 534 2063 intellegamus
558 1977 732 2043 sacrandum
756 1978 894 2060 aliquem
916 1977 1047 2042 modurn
1069 1977 1115 2042 ibi
1138 1976 1299 2043 Christum
1322 1995 1383 2042 non

238 2087 359 2152 fuisse?
387 2087 458 2169 quis
488 2089 595 2151 autem
623 2089 718 2170 neget
745 2105 819 2150 curn
848 2084 1022 2149 secundum
1046 2101 1171 2148 carnem
1194 2082 1239 2147 ibi
1261 2083 1383 2148 fuisse?

240 2212 313 2278 ergo
346 2192 521 2258 secundnm
555 2192 691 2256 animam
724 2192 769 2256 ibi
801 2210 863 2256 non
895 2190 985 2255 fuits
1001 2209 1063 2256 non
1087 2194 1138 2254 est
1159 2189 1258 2275 igitur
1281 2189 1384 2253 animo
1401 2205 1429 2244 rs

240 2299 359 2365 Christi
382 2298 419 2364 de
443 2297 572 2364 traduce
594 2297 876 2381 praeuaricationis
898 2297 996 2376 Adae,
1026 2296 1167 2381 alioquin
1196 2296 1292 2360 etiarn
1315 2295 1385 2379 ipsa

239 2407 285 2472 ibi
307 2406 433 2472 fuisset.
1026 2427 1029 2431 ’

285 2516 338 2581 20.
361 2514 423 2579 Hic
448 2514 588 2579 existunt
610 2512 669 2585 illi,
693 2513 748 2595 qui
771 2512 937 2576 traducem
956 2510 1131 2576 animarum
1150 2509 1332 2584 defendunt,
1353 2512 1386 2573 et

240 2622 350 2687 dicunt
386 2620 603 2688 confirmatam
636 2637 706 2684 csse
741 2619 931 2684 sententiam
964 2636 1064 2691 suam,
1098 2616 1126 2683 si
1149 2616 1227 2681 Leni
1260 2619 1386 2683 constat

241 2728 338 2793 etiam
370 2726 545 2793 secundum
578 2726 714 2791 animam
746 2724 847 2790 fnisse
881 2724 911 2789 in
944 2722 1063 2789 lumbis
1086 2722 1242 2798 Abrahae,
1265 2722 1298 2788 in
1322 2742 1385 2805 quo
1403 2739 1429 2776 so

242 2854 314 2900 eum
339 2832 511 2899 decimauit.
528 2832 775 2911 Melchisedech,
799 2826 842 2895 ut
859 2832 963 2915 possit
986 2832 1024 2895 ab
1043 2850 1080 2896 co
1101 2830 1247 2897 Christus
1269 2832 1299 2895 in
1324 2830 1387 2896 ista

241 2939 449 3003 decimatione
468 2938 618 3003 discerni:
643 2938 697 3019 qui
717 2937 865 3021 quoniam
885 2936 1061 3002 decimatus
1080 2956 1142 3001 non
1162 2940 1212 3002 est
1229 2940 1262 3002 et
1279 2942 1385 3001 tamen

240 3046 272 3110 in
291 3044 410 3109 lumbis
425 3043 568 3109 Abrahae
589 3044 763 3109 secundnm
783 3062 907 3109 carnem
926 3042 998 3120 fuit,
1016 3046 1127 3122 restat,
1150 3047 1189 3108 nt
1211 3044 1386 3109 secundum

241 3151 377 3217 animam
411 3150 456 3215 ibi
488 3170 548 3215 non
580 3150 686 3227 luerit,
705 3155 753 3215 et
782 3150 856 3216 ideo
885 3151 928 3216 sit
951 3168 1157 3234 consequens,
1181 3154 1219 3214 nt
1240 3149 1286 3214 ibi
1308 3150 1387 3214 Leni

242 3256 417 3323 secundum
450 3256 586 3321 animam
618 3256 725 3321 fuerit.
748 3258 809 3322 hoc
841 3257 881 3323 ad
912 3276 963 3320 me
996 3276 1058 3321 non
1085 3256 1224 3321 multum
1256 3256 1386 3333 adtinet,
1406 3278 1433 3318 aa

243 3364 297 3449 qui
320 3368 527 3447 utrorumque
551 3364 762 3429 conlationem
787 3362 891 3428 adbuc
913 3363 1022 3428 andire
1045 3382 1118 3428 sum
1135 3363 1275 3445 paratior
1292 3382 1388 3446 quarn

243 3466 467 3536 utrorumlibet
492 3470 556 3534 ism
585 3470 768 3535 confirmare
797 3470 997 3534 sententiam.
1025 3468 1152 3534 interim
1177 3468 1296 3535 Christi
1323 3472 1387 3535 ani·

242 3596 326 3641 marn
346 3578 383 3641 ab
403 3576 522 3663 origine
541 3576 636 3641 huius
660 3576 801 3642 traducis
819 3596 876 3659 per
897 3576 958 3641 hoc
981 3576 1201 3642 testimonium
1224 3596 1386 3642 secernere

243 3684 342 3749 uolui.
365 3683 528 3748 inueniant
550 3682 615 3761 isti,
635 3681 711 3765 quid
730 3682 775 3747 eis
799 3702 856 3764 pro
880 3682 994 3747 ceteris
1013 3682 1148 3748 fortasse
1167 3684 1387 3767 respondeant,

278 3894 344 3947 3at
362 3892 385 3945 si
404 3908 470 3961 prop
490 3890 521 3945 in
539 3906 597 3945 raa.
615 3908 650 3945 aa
670 3894 686 3944 1
703 3891 731 3945 P
782 3893 878 3946 ierat
896 3890 924 3943 in
942 3890 1043 3945 lumbis
1062 3890 1100 3946 bd
1171 3895 1199 3947 et
1217 3892 1388 3963 proptereab

244 3980 350 4049 derat]
374 3978 457 4036 estS
545 3980 562 4033 6
587 3980 703 4033 animam
728 3980 776 4034 sad
799 3982 907 4034 tantum
930 3996 1012 4033 secan
1036 3980 1102 4035 add.
1125 3996 1160 4034 aa.
1183 3981 1201 4035 2
1222 3981 1254 4034 ia
1276 3998 1327 4052 aaa.
1351 3982 1390 4046 P,-

244 4068 356 4139 syllcba
374 4068 437 4123 dum
456 4068 587 4123 uocabub'
605 4068 753 4123 secundum
767 4084 885 4139 proretas
903 4068 975 4123 dccet
1050 4068 1067 4123 8
1087 4070 1151 4138 quia
1169 4074 1197 4123 ct
1212 4057 1263 4140 1—ps
1282 4086 1334 4125 om.
1352 4068 1389 4123 1²¹

244 4157 381 4211 habrahae
401 4156 428 4210 P
498 4158 514 4211 9
534 4158 638 4228 itaque]
658 4157 788 4227 utiqueb
862 4156 994 4228 adfertur]
1013 4156 1178 4213 differt-urai*
1249 4158 1283 4213 10
1301 4174 1388 4213 sacer-

246 4244 315 4299 dotii
333 4262 384 4299 om.
404 4245 432 4299 P
521 4246 551 4299 11
572 4244 777 4301 melchisechd
884 4249 911 4299 et
934 4262 986 4300 om.
1004 4246 1058 4301 PR
1150 4246 1183 4301 16
1206 4244 1346 4301 traduc-e
1364 4246 1392 4301 P

246 4334 279 4389 18
298 4334 395 4389 hincb
469 4333 604 4388 exsistunt
622 4334 649 4388 P
702 4336 737 4389 24
755 4334 795 4389 ibi
813 4352 868 4389 non
886 4350 908 4388 a.
929 4336 947 4389 l.
965 4353 1000 4390 m.
1021 4336 1081 4392 rR
1153 4335 1209 4390 leni
1229 4340 1259 4403 (n
1276 4350 1297 4390 c.
1317 4334 1335 4389 1.
1354 4352 1388 4390 aa.

246 4426 271 4484 1)
292 4420 315 4477 S
365 4423 400 4477 26
420 4422 603 4493 ultrorunrque
622 4422 650 4477 P
702 4424 737 4477 29
757 4423 833 4493 qnid]
855 4424 901 4493 qni
918 4424 985 4479 Ros
