3159 4950
233 514 298 577 422
587 511 613 564 S.
642 510 779 565 Aureli
806 509 1024 580 Augustini

235 705 311 770 dixit
335 706 378 770 ei:
413 704 569 772 ostende
602 704 694 769 mihi
725 706 845 770 temet
874 704 1008 788 ipsum,
1042 705 1074 767 et
1105 702 1312 767 nuncetiam
1340 703 1379 767 ed

233 812 331 895 ipsos,
364 832 444 896 quos
476 812 665 896 obiurgabat
696 813 729 876 et
760 811 875 893 quibus
899 809 1004 893 Moysi
1035 810 1185 873 meritum
1217 809 1263 874 ite
1293 828 1380 891 prae-

233 919 364 999 ferebat,
388 920 433 985 sio
456 919 647 1002 loquebatur
665 938 722 1001 per
739 920 916 982 ereaturam
936 916 1129 999 corporalem
1148 918 1381 999 praesentatam

235 1026 383 1091 sensibus
407 1025 520 1091 earnis.
548 1025 604 1089 illo
629 1042 703 1108 ergo
737 1022 832 1089 modo
856 1022 969 1086 inille
993 1021 1109 1105 speeie,
1135 1040 1197 1103 qua
1219 1021 1297 1087 deus
1321 1025 1380 1097 est,

234 1131 329 1217 longe
355 1131 558 1197 ineffabiliter
585 1130 739 1196 seoretius
768 1132 801 1193 et
828 1127 1025 1212 praesentius
1054 1128 1196 1210 loquitur
1218 1128 1379 1193 locutione
1413 1150 1427 1190 s

234 1238 396 1315 ineffabili,
419 1239 475 1303 ubi
499 1256 572 1303 eum
596 1256 688 1303 nemo
708 1236 821 1302 uiuens
840 1234 931 1300 uidet
949 1234 1017 1299 uita
1033 1234 1106 1311 ista,
1126 1253 1188 1316 qua
1205 1235 1382 1300 morte-liter

235 1346 358 1411 uiuitur
373 1346 406 1410 in
424 1345 498 1410 istis
522 1344 671 1410 sensibus
695 1343 847 1427 eorporis,
868 1342 925 1407 sed
942 1342 1005 1406 nisi
1024 1341 1062 1405 ab
1082 1342 1142 1406 hae
1160 1341 1230 1406 uita
1248 1342 1381 1425 quisque

236 1452 468 1535 quodammodo
499 1452 654 1517 moriatur
685 1451 754 1515 siue
786 1448 913 1516 omnino
947 1448 1051 1513 exiens
1084 1446 1122 1513 de
1151 1467 1280 1531 corpore
1312 1450 1380 1515 siue

235 1559 281 1623 ita
313 1577 444 1624 auersus
477 1560 510 1623 et
540 1557 696 1622 alienatus
729 1576 748 1620 a
779 1556 958 1622 carnalibus
996 1554 1158 1634 sensibus,
1196 1560 1234 1620 ut
1269 1557 1381 1622 merito

235 1665 367 1740 neseiat,
391 1665 476 1731 siout
497 1664 663 1748 apostolus
686 1663 740 1739 ait,
763 1665 871 1727 utrum
894 1663 926 1727 in
951 1680 1080 1745 corpore
1103 1680 1141 1727 an
1162 1665 1248 1727 extra
1266 1681 1380 1745 eorpus
1402 1682 1428 1722 m

238 1771 289 1848 sit,
314 1790 387 1836 eum
409 1772 442 1835 in
465 1771 554 1835 illam
577 1770 699 1854 rapitur
721 1772 754 1835 et
777 1768 967 1834 subuehitur
988 1767 1156 1833 uisionem.

282 1880 336 1944 28.
357 1876 554 1961 Quapropter
572 1878 599 1943 si
617 1876 679 1942 hoe
696 1876 828 1942 tertium
848 1875 981 1941 uisionis
1001 1893 1112 1959 genus,
1132 1874 1217 1958 quod
1236 1876 1381 1960 superius

237 1990 287 2051 est
314 2006 376 2052 non
406 1988 510 2052 solum
540 1986 627 2051 omni
660 1986 826 2069 eorporali,
851 2004 913 2068 quo
937 2004 993 2068 per
1016 1984 1155 2066 eorporis
1180 2002 1292 2049 sensus
1315 2002 1382 2048 eor-

237 2113 314 2177 pora
337 2094 528 2171 sentiuntur,
556 2111 668 2157 uerum
698 2092 794 2157 etiam
823 2092 908 2157 omni
931 2092 988 2157 illo
1012 2090 1158 2174 spiritali,
1184 2109 1245 2173 quo
1270 2090 1380 2155 simili·

237 2200 365 2265 tudines
384 2218 549 2283 corporum
568 2198 691 2281 spiritu,
706 2218 768 2263 non
785 2201 892 2263 mente
912 2200 1090 2276 comuntur,
1109 2197 1240 2262 tertium
1259 2198 1381 2262 eaelum
1404 2216 1429 2255 rs

239 2306 412 2390 appellauit
434 2306 609 2389 apostolus,
627 2305 660 2370 in
683 2305 744 2371 hoe
766 2304 896 2370 uidetur
918 2304 1044 2370 claritas
1069 2304 1130 2381 dei,
1154 2304 1205 2369 eui
1228 2302 1382 2369 uidendae

239 2414 333 2480 eorda
361 2412 561 2478 mundantur.
598 2410 681 2477 unde
719 2410 839 2477 dietum
878 2415 941 2478 est:
974 2410 1077 2476 beati
1108 2409 1381 2489 mundicordes,

239 2520 325 2604 quia
355 2519 432 2603 ipsi
465 2518 572 2583 deum
605 2519 806 2597 uidebunt,
840 2537 903 2584 non
934 2537 990 2601 per
1018 2517 1157 2600 aliquam
1180 2519 1384 2601 corporaliter

238 2629 292 2692 uel
306 2625 492 2710 spiritaliter
505 2626 672 2710 figuratam
687 2625 952 2710 significationem
971 2629 1135 2708 tamquam
1148 2643 1204 2708 per
1218 2625 1383 2709 speculum

237 2735 270 2798 in
302 2731 492 2816 aenigmate,
525 2732 581 2798 sed
612 2732 692 2798 faeie
725 2731 764 2798 ad
796 2732 920 2812 faeiem,
955 2731 1040 2814 quod
1063 2732 1101 2797 de
1124 2731 1236 2816 Moyse
1260 2731 1379 2796 dietum
1404 2757 1429 2795 ro

240 2843 291 2906 est
316 2858 374 2916 ,os
399 2838 442 2902 ad
466 2846 543 2918 os‘,
567 2857 624 2920 per
646 2839 786 2922 speeiem
811 2839 944 2918 seilicet,
969 2859 1032 2923 qua
1054 2838 1133 2904 deus
1158 2842 1207 2904 est
1230 2837 1384 2922 quidquid

240 2948 298 3023 est,
332 2945 659 3028 quantulumcumque
691 2963 764 3009 eum
796 2964 897 3022 mens,
930 2948 1010 3028 quae
1034 2963 1095 3010 non
1120 2957 1170 3010 est
1196 2944 1281 3027 quod
1303 2944 1383 3028 ipse,

240 3052 336 3117 etiam
368 3051 407 3116 ab
440 3051 526 3116 omni
557 3053 681 3116 terrena
711 3052 783 3116 labe
814 3051 973 3131 mandata,
1007 3052 1045 3118 eb
1078 3052 1164 3118 omni
1196 3070 1324 3136 corpore
1352 3055 1384 3118 et

241 3157 447 3224 similitudine
471 3159 611 3241 eorporis
634 3159 770 3223 alienata
794 3160 826 3224 et
848 3158 978 3242 abrepta
1001 3177 1111 3241 capere
1134 3161 1255 3242 potest:
1280 3179 1298 3223 a
1321 3177 1383 3242 quo

240 3263 475 3350 peregrinamur
506 3264 633 3329 mortali
656 3267 689 3330 et
711 3264 909 3348 corruptibili
941 3284 1035 3332 onere
1067 3265 1200 3350 manati,
1233 3265 1384 3349 quamdiu
1403 3291 1429 3331 rs

330 3486 642 3553 locf.1100r.12,3
734 3489 767 3542 17
789 3488 888 3543 blattb.
913 3489 975 3554 5,8
1069 3490 1099 3544 19
1124 3487 1268 3546 calcor.
1289 3491 1330 3555 13,
1352 3492 1384 3545 12

241 3577 276 3631 ·24
294 3577 328 3631 oi.
345 3576 374 3630 11
393 3574 453 3633 Cor.
471 3579 497 3641 b,
516 3577 577 3631 6.7

278 3700 337 3754 lei
356 3699 467 3755 dixitS
536 3699 561 3755 ei
579 3716 631 3754 om.
649 3700 677 3755 P
747 3701 923 3770 semetipsum
942 3701 970 3757 R
1033 3700 1221 3772 2preierebat
1238 3700 1267 3757 Β
1320 3702 1385 3756 4in

241 3787 333 3845 συιδ
383 3788 606 3859 bpresentiusR
677 3789 837 3858 loquutione
851 3788 879 3843 P
925 3789 1063 3860 tininens]
1079 3789 1175 3844 uidens
1190 3791 1227 3845 bd
1299 3789 1385 3860 uidet]

241 3877 313 3932 uidit
330 3879 358 3932 P
374 3878 452 3932 uiuet
470 3877 508 3932 bd
585 3879 604 3932 8
622 3877 811 3948 qnodadmodo
830 3877 871 3932 E¹
948 3880 965 3933 9
985 3878 1114 3944 aduersus
1134 3878 1163 3946 (d
1181 3895 1240 3948 emp.
1259 3895 1293 3935 m.
1314 3880 1340 3945 1)
1360 3879 1387 3932 Ρ

243 3967 274 4021 11
289 3967 318 4020 in
331 3982 353 4021 s.
367 3967 385 4020 l.
400 3966 502 4021 MS
537 3965 782 4035 lecapenum
817 3967 850 4020 13
870 3966 1002 4037 quode
1040 3967 1073 4021 15
1085 3969 1152 4038 non]
1173 3971 1202 4023 et
1215 3984 1269 4022 non
1282 3965 1387 4023 P²Rbd

243 4056 276 4108 17
295 4054 375 4109 eorde
393 4055 421 4109 P
507 4055 608 4109 mundo
628 4053 706 4109 eorde
724 4054 841 4111 PRde
930 4055 965 4111 20
988 4055 1143 4127 enigrnatae
1162 4056 1192 4110 E
1208 4055 1389 4128 enigmateS

242 4144 274 4197 21
296 4143 360 4213 qnia
378 4146 409 4198 Ε
479 4147 523 4198 est
540 4143 607 4198 deus
624 4143 691 4200 Ros
744 4145 778 4198 22
797 4144 866 4216 ipse]
886 4145 944 4216 ipse
964 4146 1040 4200 estb
1100 4145 1135 4200 23
1154 4143 1259 4200 ab—-ab
1279 4161 1330 4200 om.
1349 4145 1386 4199 P¹

243 4233 316 4286 omni
340 4249 449 4302 corpore
473 4236 502 4286 et
525 4231 559 4287 ab
583 4233 656 4287 omui
678 4238 785 4287 terrena
803 4233 848 4288 Re
940 4232 986 4304 ab]
1004 4237 1032 4288 et
1051 4234 1084 4290 ab
1102 4233 1172 4289 Psa
1259 4233 1293 4288 ab
1313 4234 1387 4288 omni

243 4335 353 4389 corpore
367 4319 473 4375 omitt
521 4319 557 4373 24
569 4320 776 4374 similitudinem
790 4321 819 4376 R
873 4319 907 4374 25
922 4321 1124 4391 peregrinamur
1138 4321 1386 4392 (muraenula

244 4408 336 4477 onere]
352 4408 454 4462 honore
469 4406 501 4463 δ’
575 4424 653 4461 enee·
670 4409 811 4478 regrauati
831 4411 892 4476 (one
910 4409 942 4463 in
952 4425 1010 4463 rae.
1024 4426 1058 4463 m.
1072 4413 1101 4480 2)
1115 4410 1143 4465 R
