3159 4950
416 487 458 541 de
487 488 631 543 Genesi
659 488 702 542 ad
730 488 912 542 litteram
940 488 1005 543 lib.
1034 488 1066 542 V.

186 684 322 759 saecula,
347 703 428 766 quae
450 685 509 762 illi,
534 685 767 766 cumprimum
798 685 923 749 condita
952 688 1012 751 est.
1036 688 1198 768 tamquam
1221 685 1333 770 plicita

184 789 362 854 indiderat:
381 809 461 873 quae
483 794 589 855 tamen
608 791 640 855 in
661 810 736 856 suos
761 811 872 857 cursus
896 812 957 857 non
982 792 1220 875 explicarentur,
1246 796 1273 856 si
1297 811 1334 858 ea

184 896 249 973 ille,
273 896 329 977 qui
352 896 503 973 condidit,
526 896 659 979 prouido
683 900 773 961 motu
798 897 1016 963 administrare
1042 903 1188 965 cessaret.

229 1004 281 1069 21.
315 1003 486 1067 Admoneri
518 1006 626 1067 autem
657 1023 715 1070 nos
749 1006 874 1086 oportet
906 1006 967 1081 hia,
1005 1024 1084 1087 quae
1121 1006 1153 1069 in
1191 1008 1333 1089 tempore

155 1132 167 1167 ⁵
183 1110 360 1175 formantur
374 1113 468 1193 atquc
483 1112 666 1187 nascuntur,
682 1110 841 1192 quomodo
856 1112 918 1175 ista
934 1111 1130 1176 considerare
1150 1112 1332 1177 debeamus.

184 1219 351 1282 nonenim
375 1218 492 1282 frustra
515 1218 668 1299 scriptum
694 1222 745 1281 est
767 1217 806 1283 de
831 1217 994 1300 sapientia,
1025 1218 1108 1301 quod
1139 1220 1332 1283 amatoribus

185 1326 251 1388 suis
285 1324 458 1389 ostendit
491 1344 529 1389 sc
561 1325 598 1389 in
631 1324 708 1388 uiis
741 1324 918 1389 hilariter
951 1328 987 1390 et
1017 1326 1054 1389 in
1084 1326 1181 1390 omni
1211 1326 1333 1409 proui-

185 1432 314 1496 dentia
356 1434 524 1497 occurrit
563 1432 656 1496 illis.
699 1451 756 1495 nec
799 1432 924 1496 omnino
967 1431 1115 1496 audiendi
1157 1434 1241 1509 sunt,
1279 1432 1333 1514 qui

184 1542 376 1619 putauerunt
404 1538 556 1603 sublimes
586 1538 715 1620 quidem
742 1538 853 1602 muudi
880 1541 996 1622 partes,
1020 1538 1051 1602 id
1076 1542 1125 1604 est
1153 1560 1171 1603 a
1199 1539 1332 1604 confinio

143 1665 169 1702 ιο
185 1643 426 1728 corpulentioris
451 1645 531 1709 aeris
556 1644 653 1709 huius
678 1646 710 1708 et
734 1664 839 1727 supra,
865 1644 972 1708 diuina
1000 1644 1197 1728 prouidentia
1221 1645 1333 1729 guber-

185 1751 259 1828 nari,
283 1750 363 1815 hanc
387 1753 494 1815 autem
517 1752 614 1814 incarn
638 1753 760 1832 portem
779 1752 936 1814 terrenam
956 1754 987 1814 et
1005 1750 1169 1815 humidam
1189 1752 1332 1833 aerisque

162 1858 279 1921 huius
316 1857 488 1934 nicinioris,
527 1858 582 1939 qni
618 1861 771 1921 terrarum
814 1859 845 1920 et
887 1876 1038 1939 aquarum
1082 1857 1333 1922 exhalationibus

184 1963 353 2037 humescit,
381 1963 413 2026 in
442 1981 504 2044 quo
533 1962 622 2025 uenti
650 1962 814 2043 nubesque
843 1965 1047 2046 consurgunt,
1074 1963 1199 2027 casibus
1223 1963 1331 2045 potius

185 2073 216 2132 ot
238 2069 380 2133 fortuitis
403 2069 544 2133 motibus
564 2068 687 2151 agitari.
712 2070 821 2132 contra
840 2068 898 2132 hos
919 2068 1000 2131 euim
1020 2067 1161 2149 loquitur
1178 2070 1332 2151 psalmus,

142 2200 166 2236 a
185 2176 238 2257 qni
270 2195 344 2239 cum
381 2176 570 2256 explicasset
606 2173 734 2237 laudem
771 2173 959 2237 caelestium
997 2192 1030 2237 se
1065 2174 1161 2237 etiarn
1196 2175 1235 2239 ad
1272 2176 1333 2239 ista

183 2282 330 2346 inferiora
363 2281 521 2345 conuertit
554 2281 674 2344 dicens:
712 2279 866 2343 laudate
915 2279 1103 2344 dominum
1143 2280 1184 2345 de
1222 2284 1332 2356 terra,

185 2388 364 2453 dracones
388 2390 426 2451 et
449 2406 575 2452 omnes
599 2386 742 2469 abyssi:
767 2387 880 2469 ignis,
905 2386 1055 2470 grando,
1076 2386 1148 2453 nix.
1173 2387 1331 2470 glacies

184 2495 346 2578 spiritus
375 2495 629 2578 tempestatis,
656 2513 750 2576 quae
778 2494 926 2558 faciunt
955 2493 1108 2558 uerbum
1134 2495 1226 2559 eius.
1251 2495 1330 2558 nihil

184 2601 267 2665 onim
289 2605 356 2665 tam
380 2599 507 2664 uidetur
530 2600 657 2664 casibus
680 2600 771 2664 nolui
796 2619 891 2682 quem
910 2619 1018 2664 ornnes
1039 2600 1119 2664 istae
1138 2601 1332 2682 procellosae

140 2733 167 2770 ao
184 2728 219 2772 ac
242 2709 443 2772 turbulentae
471 2707 652 2789 qualitates,
678 2706 794 2788 quibus
823 2707 902 2770 caeli
932 2706 1027 2770 huius
1056 2707 1223 2784 inferioris,
1248 2708 1333 2789 qnod

184 2833 244 2879 non
281 2814 428 2879 inmerito
467 2813 563 2877 ctiam
605 2817 705 2878 terrae
742 2813 868 2877 nomine
907 2812 1094 2894 deputatum
1133 2815 1197 2888 est,
1235 2813 1331 2878 facies

183 2922 325 2984 cantetur
343 2923 376 2985 et
393 2920 539 2985 uertitur.
563 2920 620 2984 sed
639 2938 711 2984 cnm
732 2919 868 2982 addidit:
895 2939 986 3001 quae
1010 2920 1158 2984 faciunt
1176 2921 1331 2984 uerbum

185 3029 277 3105 eius,
312 3029 390 3092 satis
424 3027 563 3092 ostendit
599 3045 708 3090 earum
746 3044 871 3108 quoque
908 3045 1013 3090 rerum
1051 3028 1191 3092 ordinem
1225 3027 1333 3092 diuino

185 3135 349 3199 subditum
371 3135 503 3217 imperio
527 3133 626 3198 latere
649 3151 706 3197 nos
730 3133 837 3215 potius
861 3153 955 3215 quam
979 3134 1196 3199 uniuersitatis
1222 3135 1332 3198 deesse

138 3273 165 3311 aa
183 3245 324 3308 naturae.
358 3241 433 3323 quid
467 3243 595 3304 autem?
634 3259 687 3304 ore
724 3258 781 3303 suo
821 3241 970 3318 saluaton
1009 3259 1080 3304 oum
1119 3241 1196 3306 dicit
1233 3259 1333 3305 unum

272 3449 373 3518 asap.
392 3450 418 3510 e,
439 3449 471 3502 rr
528 3449 561 3501 ro
580 3449 615 3501 rs
645 3447 704 3509 ros,
725 3447 785 3501 as

219 3572 232 3625 1
253 3572 300 3625 ille
318 3571 363 3626 Bb
437 3571 489 3639 eet]
511 3575 575 3623 sunt
594 3571 609 3623 b
682 3569 789 3639 plicita]
808 3571 909 3640 placita
921 3569 1000 3625 E²R²
1018 3571 1072 3624 iam
1091 3570 1224 3626 lictataS
1240 3572 1331 3640 impli-

184 3660 271 3714 citeb
340 3661 438 3712 2sno·
454 3660 477 3728 (s
496 3659 542 3725 er.)
560 3659 588 3714 R
678 3659 813 3714 cursuoR
832 3676 923 3714 cursus
941 3660 979 3714 P¹
1052 3659 1285 3713 3amministrare
1305 3660 1332 3714 R

183 3749 381 3803 amministrare
400 3751 519 3802 cessaret
539 3749 705 3811 (ministrare
720 3752 838 3802 cessaret
852 3764 873 3801 a,
887 3749 904 3801 l.
918 3765 952 3803 m.
967 3751 993 3816 2)
1009 3751 1037 3803 Ρ
1088 3750 1106 3802 4
1119 3748 1265 3801 ammoneri
1278 3748 1332 3802 PR

184 3839 254 3892 iisd
308 3838 494 3892 bformantur
513 3841 540 3905 (n
560 3853 581 3891 a.
603 3838 620 3892 l.
638 3855 673 3891 or.
694 3839 721 3904 1)
741 3837 772 3890 E
825 3839 920 3905 tpost
938 3839 1039 3892 frustra
1059 3839 1124 3892 cdd.
1144 3843 1183 3892 cst
1200 3837 1252 3898 his,
1271 3853 1331 3906 sup.

184 3928 257 3995 qaod
273 3944 308 3980 m.
329 3929 342 3981 1
362 3942 413 3980 aer.
433 3927 462 3980 id
480 3926 504 3981 S
583 3926 616 3980 de
636 3926 772 3996 sapientia
790 3928 920 3996 scripturn
941 3932 980 3981 est
1000 3929 1037 3982 bd
1127 3929 1142 3980 7
1162 3926 1293 3996 hylariter
1311 3926 1333 3980 S

183 4031 312 4107 liniendi
332 4029 440 4121 c'p'nidem
458 4052 489 4105 E
568 4051 642 4118 aa(d
661 4053 708 4116 er.)
728 4051 756 4106 R
825 4052 858 4106 10
877 4069 958 4121 supra
977 4051 1009 4106 Sl
1079 4053 1109 4106 11
1130 4052 1223 4120 imam]
1242 4050 1329 4104 uhab

183 4141 302 4195 umidam
321 4141 375 4196 PR
447 4141 480 4194 12
501 4139 698 4194 exaltationibus
717 4139 780 4193 E¹S
850 4141 880 4194 13
901 4141 1015 4194 umescit
1033 4141 1127 4195 E¹PR
1200 4158 1252 4210 quo
1271 4158 1291 4197 s.
1313 4142 1329 4194 l.

182 4246 216 4285 m.
236 4231 250 4283 1
271 4229 300 4284 R
337 4231 370 4283 14
383 4230 475 4299 potiris
495 4229 596 4298 agitari
615 4229 716 4298 (potius
735 4245 795 4297 carp.
815 4245 849 4282 ru.
864 4232 889 4294 1)
905 4229 928 4283 S
945 4231 1057 4299 agitteri
1070 4230 1097 4283 R
1138 4231 1169 4283 17
1189 4229 1330 4284 dracones

183 4319 278 4386 (her.)
298 4319 328 4373 Ε
411 4320 509 4388 glaties
529 4317 578 4372 SR
667 4318 702 4371 20
721 4317 892 4371 turbole'ntae
911 4317 972 4373 SR¹
1062 4319 1094 4372 21
1115 4320 1258 4372 inmerito
1278 4319 1331 4374 Pu

184 4408 331 4463 acteone
351 4424 402 4462 om.
421 4409 451 4462 E
503 4408 537 4459 25
557 4406 630 4475 quod
648 4406 701 4462 PR
773 4424 833 4460 curn
852 4424 902 4461 om.
923 4407 938 4460 b
