3159 4950
239 494 304 557 426
589 492 617 546 S.
644 492 787 547 Aureli
815 490 1033 562 Augustini

238 688 271 749 et
293 685 399 751 minus
423 688 519 754 ualet.
542 686 615 751 inde
636 689 809 752 esttamen
829 687 983 769 quidquid
1002 688 1163 773 intellegit
1186 689 1271 755 sicut
1289 691 1385 754 ualet.

238 810 313 855 oum
336 811 411 876 ergo
433 793 512 857 illuc
536 791 658 875 rapitur
680 796 713 857 et
735 812 754 856 a
776 793 955 858 carnalibus
980 794 1143 859 subtracta
1167 796 1313 861 sensibus
1337 796 1386 859 illi

238 898 415 980 expressius
437 898 555 964 uisioni
577 901 797 981 praesentatur
814 918 878 964 non
896 900 1008 983 spatiis
1028 901 1193 981 localibus,
1215 901 1272 967 sed
1291 902 1385 969 modo

238 1003 375 1086 quodam
400 1024 468 1083 suo,
493 1005 588 1069 etiam
612 1024 708 1088 supra
727 1024 761 1071 se
779 1005 879 1085 uidet,
900 1026 962 1089 quo
987 1006 1096 1072 adiuta
1118 1008 1208 1073 uidet
1231 1008 1386 1091 quidquid

239 1112 334 1176 etiam
356 1111 390 1176 in
414 1130 449 1177 se
470 1112 685 1197 intellegendo
707 1113 806 1177 uidet.
1418 1139 1431 1179 s

284 1221 338 1284 32.
371 1218 405 1285 Si
436 1222 543 1284 autem
577 1220 747 1301 quaeritur,
781 1240 854 1285 cum
888 1222 992 1285 anima
1028 1221 1066 1286 de
1104 1240 1232 1303 corpore
1266 1222 1384 1300 exierit,

238 1329 346 1391 utrum
378 1326 419 1391 ad
450 1327 558 1409 aliqua
588 1327 660 1392 loca
690 1327 865 1409 corporalia
896 1328 1015 1393 feratur
1043 1346 1081 1391 an
1116 1327 1156 1392 ad
1177 1327 1387 1409 incorporalia

240 1432 457 1515 corporalibus
480 1433 607 1509 similia,
632 1452 671 1497 an
695 1452 770 1499 uero
795 1452 852 1499 nec
875 1434 1018 1517 adipso,
1043 1432 1099 1499 sed
1123 1432 1162 1497 ad
1185 1433 1276 1511 illud,
1301 1432 1386 1516 quod

240 1542 273 1605 et
304 1540 488 1622 corporibus
521 1543 554 1604 et
584 1540 848 1605 similitudinibus
883 1558 1049 1623 corporum
1087 1544 1137 1604 est
1168 1539 1384 1616 excellentius,

240 1645 303 1710 cito
327 1646 454 1729 quidem
479 1646 693 1729 responderim
717 1647 757 1711 ad
780 1646 956 1729 corporalia
977 1647 1049 1713 loca
1072 1664 1141 1711 eam
1161 1646 1214 1711 uel
1232 1664 1294 1711 uon
1312 1645 1385 1709 ferri
1404 1670 1431 1711 rc

240 1753 300 1816 nisi
333 1771 406 1817 cum
439 1753 546 1836 aliquo
578 1772 707 1836 corpore
734 1754 789 1817 uel
816 1772 877 1819 non
906 1752 1051 1819 localiter
1073 1752 1159 1818 ferri.
1189 1752 1254 1817 ianr
1277 1754 1385 1816 utrum

239 1859 357 1924 habeat
382 1860 511 1942 aliquod
538 1878 663 1943 corpus,
692 1878 764 1925 curn
793 1858 831 1924 de
858 1858 920 1926 boc
943 1878 1072 1944 corpore
1096 1860 1215 1939 exient,
1239 1858 1387 1925 ostendat

241 1965 295 2047 qui
329 1969 451 2048 potest3
489 1986 549 2051 ego
586 1970 694 2032 autem
730 1986 793 2032 non
829 1970 918 2050 puto.
956 1968 995 2033 ad
1032 1967 1188 2051 spiritalia
1219 1985 1295 2032 uero
1327 1986 1383 2048 pro

240 2071 363 2137 meritis
385 2072 486 2137 fertur
509 2073 625 2137 autad
653 2074 724 2138 looa
750 2072 895 2156 poenalia
918 2072 1036 2139 similia
1063 2073 1256 2157 corporibus,
1281 2073 1387 2155 qualia

241 2195 334 2260 saepe
358 2177 573 2243 demonstrata
595 2181 671 2244 sunt
692 2177 754 2251 his,
774 2177 829 2260 qui
846 2179 929 2262 rapti
948 2182 1023 2244 sunt
1041 2197 1060 2244 a
1078 2180 1218 2263 corporis
1238 2180 1385 2245 sensibus
1405 2206 1432 2245 ιε

241 2287 274 2348 et
294 2284 431 2349 mortuis
455 2284 577 2349 similes
598 2284 767 2350 iacuerunt
784 2287 818 2349 et
835 2284 972 2351 infernas
996 2304 1114 2367 poenas
1133 2286 1292 2365 uiderunt,
1311 2304 1385 2351 cunr

241 2395 274 2457 et
297 2390 358 2474 ipsi
381 2391 414 2455 in
438 2410 472 2457 se
494 2391 575 2474 ipsis
603 2394 748 2477 gererent
779 2391 936 2475 quandam
969 2392 1211 2457 similitudinem
1245 2391 1385 2477 corporis

241 2499 302 2576 sui,
326 2518 499 2583 perquam
521 2503 654 2581 possent
676 2498 716 2564 ad
737 2497 795 2564 illa
817 2497 890 2563 leni
910 2501 942 2563 et
959 2499 1038 2564 talia
1060 2499 1219 2564 similibus
1243 2498 1385 2582 experiri.

241 2626 343 2691 usque
372 2606 455 2671 enim
482 2604 587 2684 uideo,
616 2625 673 2671 cur
698 2604 815 2670 babeat
843 2606 947 2671 anima
974 2604 1215 2671 similitudinem
1247 2605 1386 2689 corporis

242 2712 302 2792 sui,
336 2731 410 2776 curn
441 2711 564 2776 iacente
596 2711 664 2777 sine
697 2729 793 2777 sensu
824 2711 894 2795 ipso
928 2729 1056 2795 corpore
1097 2711 1238 2778 nondum
1279 2715 1385 2776 tamen
1404 2739 1432 2779 so

240 2818 368 2902 penitus
394 2823 522 2883 mortuo
549 2817 641 2883 uidet
665 2818 753 2897 talia,
782 2818 889 2901 qualia
915 2818 1011 2883 multi
1034 2837 1070 2884 ex
1091 2818 1149 2883 illa
1176 2817 1386 2884 subductione

241 2924 327 2988 uiuis
350 2923 467 2988 redditi
489 2928 705 3005 narrauemnt
730 2928 763 2990 et
784 2944 848 2991 non
872 2925 997 3004 habeat,
1027 2943 1100 2990 cunr
1123 2925 1264 3008 perfecta
1285 2927 1387 2990 morte

241 3030 368 3115 penitus
388 3030 426 3096 de
445 3048 573 3114 corpore
594 3031 712 3097 exierit.
736 3036 792 3098 aut
815 3051 888 3116 ergo
914 3031 953 3096 ad
975 3031 1032 3096 illa
1050 3031 1150 3096 fertur
1168 3031 1313 3114 poenalia
1331 3035 1388 3094 aut

242 3138 282 3203 ad
304 3139 361 3203 illa
381 3137 494 3204 itidem
518 3137 636 3203 similia
657 3138 874 3222 corporalibus
906 3157 964 3204 uec
986 3141 1093 3203 tamen
1121 3155 1305 3222 poenarum,
1330 3135 1387 3202 sed

242 3245 358 3328 quietis
381 3247 476 3328 atque
500 3245 698 3330 gaudiorum.
1404 3283 1432 3325 25

279 3509 292 3562 l
314 3506 442 3578 quicquid
461 3505 554 3562 E²RS
642 3507 775 3562 Suisioui
795 3509 945 3578 expressius
963 3507 1079 3564 PRde
1148 3511 1320 3579 presentatur
1336 3507 1389 3564 RS

235 3597 341 3668 'spaciis
359 3596 387 3652 R
475 3595 619 3660 4uiderqt
638 3595 667 3649 E
745 3597 810 3666 quo]
832 3596 904 3666 quod
921 3597 950 3652 P
1026 3596 1272 3667 quidquid-uidet
1289 3612 1340 3651 om.
1358 3595 1387 3654 R

242 3688 336 3755 trop.
355 3685 461 3740 LVllil
478 3684 509 3739 Ε
591 3685 720 3756 leliqua
735 3685 763 3740 P
851 3685 973 3750 seraptur
991 3687 1021 3740 E
1104 3685 1388 3742 8ads.l.m.11⁴l

242 3774 460 3846 9corporalibus
477 3773 506 3829 R
578 3775 613 3828 10
631 3773 815 3844 responderim
835 3775 875 3830 Ει
948 3775 981 3828 12
1000 3774 1105 3844 aliquot
1122 3774 1163 3828 E¹
1238 3774 1387 3837 hostendat

243 3864 271 3930 (b
290 3879 350 3932 cap.
364 3879 399 3920 m.
413 3867 439 3930 1)
454 3862 483 3918 R
521 3863 553 3918 13
562 3867 628 3931 post
639 3865 706 3930 puto
720 3869 871 3931 sequamur
883 3863 984 3918 uerba:
1002 3863 1170 3933 spiritualem
1186 3864 1256 3918 euim
1271 3862 1387 3917 arbitror

242 3969 308 4018 esse,
326 3968 380 4006 uon
400 3951 565 4022 corporalem
583 3950 615 4003 irs
633 3949 672 4002 bd
687 3966 758 4018 quae
775 3950 870 4006 ecdem
883 3967 914 4020 p.
932 3955 999 4016 42⁷,
1013 3955 1054 4006 28
1071 3967 1152 4006 suum
1171 3951 1258 4007 mcum
1275 3951 1384 4006 babeat.

242 4037 446 4110 mperatres
524 4054 584 4107 cop.
602 4037 700 4092 LXE
769 4038 803 4092 15
822 4039 957 4110 sepelis
1033 4039 1088 4110 his]
1105 4039 1180 4096 iisd
1251 4041 1284 4094 16
1302 4039 1385 4094 inier-

241 4129 317 4184 nnles
333 4128 401 4184 ΒΜ
463 4128 495 4181 17
514 4127 649 4198 gererent]
668 4130 807 4182 cernerent
824 4128 852 4182 P
922 4127 1151 4183 simitudinsmS
1212 4127 1245 4182 18
1263 4127 1338 4182 illam
1357 4127 1388 4180 E

242 4218 388 4288 similibus]
416 4216 516 4272 similia
538 4216 664 4272 sensibus
685 4217 714 4270 P
733 4215 832 4270 similis
855 4215 978 4270 sensibus
1000 4215 1029 4272 R
1056 4215 1192 4270 similibus
1218 4215 1341 4270 sensibus
1365 4213 1389 4268 S

242 4304 467 4362 similitudinibus
487 4321 613 4360 sensuum
631 4305 669 4360 od
758 4306 791 4359 19
811 4321 880 4376 quur
897 4303 925 4358 P
1014 4304 1049 4360 20
1071 4303 1173 4375 tamen]
1198 4311 1230 4358 cu
1248 4303 1264 4358 b
1284 4319 1338 4359 om.
1357 4302 1386 4358 R

242 4397 276 4449 21
296 4394 452 4448 subditione
470 4393 498 4448 P
564 4393 742 4448 sarsoris-ti
762 4393 867 4464 (dier.)
888 4393 918 4446 Ε
988 4391 1070 4448 abest
1086 4392 1115 4448 la
1183 4393 1217 4448 23
1237 4391 1385 4448 exieriutb
