3159 4950
232 475 296 540 258
562 472 589 528 S.
617 471 755 526 Aureli
782 470 1002 542 Augustini

232 667 389 750 scripture
417 670 532 746 narrat,
560 670 597 731 ut
624 667 732 750 potius
761 666 927 732 credamus
950 668 998 733 sic
1020 686 1092 732 esse
1115 667 1211 733 deum
1232 668 1378 734 loentum

230 773 352 840 homini
383 773 416 839 in
448 773 607 857 paradiso,
630 773 716 839 sicut
740 773 838 840 etiam
859 777 974 858 postea
995 774 1126 840 loeutus
1150 774 1377 857 compatribus,

231 881 316 946 sicut
336 879 493 958 Abrahae,
518 880 603 946 sicut
624 880 741 964 Moysi,
765 880 800 945 id
823 883 874 946 est
895 880 928 946 in
952 881 1058 963 aliqua
1082 881 1188 965 specie
1210 880 1377 964 corporali.

229 987 304 1053 binc
336 989 387 1052 eet
418 985 513 1065 enim,
537 985 623 1068 quod
646 985 816 1050 audierunt
837 986 906 1052 eins
929 1005 1045 1051 uocem
1072 986 1322 1070 perambulantis
1344 987 1378 1051 in

230 1091 375 1178 paradiso
400 1091 440 1156 ad
462 1109 630 1176 uesperam
655 1095 688 1158 et
710 1091 1014 1159 absconderunt-se.
1407 1113 1421 1153 s

278 1199 329 1266 19.
353 1199 457 1264 Locus
480 1198 588 1281 itaque
611 1218 746 1284 magnus
770 1218 873 1282 neque
904 1198 1153 1283 praetereundus
1181 1200 1377 1283 proponitur,

230 1309 268 1372 ut
293 1307 483 1384 intueamur,
507 1309 662 1388 quantum
689 1324 874 1388 possumus,
898 1308 1052 1389 quantum
1074 1305 1144 1389 ipso
1172 1305 1323 1370 adiuuare
1345 1309 1379 1370 et

231 1417 346 1480 donare
379 1413 537 1498 dignatur,
562 1432 642 1495 opus
676 1413 803 1478 diuinae
830 1412 1050 1495 prouidentiae
1071 1412 1270 1496 bipertitum,
1293 1412 1378 1495 qnod

231 1521 388 1606 superius,
413 1537 486 1584 cum
510 1518 549 1584 do
573 1519 767 1605 agricultura
793 1521 1004 1604 loqueremur,
1031 1520 1214 1586 transitoria
1241 1519 1378 1603 quadam

231 1627 396 1694 occasione
419 1625 669 1708 perstrinximus,
692 1630 730 1691 ut
752 1627 826 1693 inde
844 1627 908 1692 iem
926 1626 1080 1710 inciperet
1095 1626 1234 1711 legentis
1252 1626 1377 1691 animus
1395 1645 1422 1684 so

230 1737 292 1801 boc
322 1733 511 1799 adsuescere
544 1734 697 1810 contueri,
731 1734 817 1817 quod
848 1733 981 1799 adiuuat
1010 1734 1196 1818 plurimum,
1228 1754 1267 1800 ne
1300 1733 1377 1818 quid

229 1841 396 1926 indignum
428 1841 467 1906 de
499 1842 570 1926 ipsa
602 1840 653 1904 dei
686 1840 868 1906 substantia
895 1841 1081 1906 sentiamus.
1109 1841 1245 1906 dicimus
1268 1842 1376 1924 itaque

230 1968 392 2014 summum
423 1949 541 2032 ipsum,
569 1966 692 2024 uerum,
720 1965 820 2012 unum
853 1966 890 2012 ac
921 1947 1027 2013 solum
1059 1948 1166 2028 deum,
1188 1951 1312 2032 patrem
1343 1951 1377 2013 et

229 2054 332 2120 filium
356 2058 389 2120 et
411 2055 558 2138 spiritum
582 2056 737 2130 sanctum,
765 2053 800 2118 id
827 2057 879 2119 est
904 2054 1000 2119 deum
1026 2055 1224 2138 uerbumque
1251 2054 1320 2120 eius
1343 2057 1377 2119 et

229 2161 396 2245 utriusque
430 2161 589 2244 spiritum,
612 2159 789 2224 trinitatem
820 2159 924 2243 ipsam
950 2179 1054 2244 neque
1082 2161 1246 2227 confusam
1273 2180 1376 2244 nequo
1395 2177 1420 2218 1⁵

229 2270 418 2351 separatam,
456 2267 561 2346 deum,
601 2265 664 2348 qui
703 2265 811 2330 solus
842 2265 957 2331 habet
987 2266 1307 2332 inmortalitatem
1339 2270 1377 2332 et

229 2375 351 2439 lucem
383 2373 534 2438 habitat
560 2371 882 2452 inaccessibilem,
912 2391 1020 2456 quem
1047 2393 1154 2439 nemo
1183 2374 1377 2440 hominum

229 2480 330 2547 uidit
352 2500 419 2547 nec
443 2480 574 2545 uidere
597 2482 734 2563 potest,
759 2498 818 2545 neo
835 2480 980 2545 locorum
1001 2482 1056 2545 uel
1072 2481 1162 2547 finito
1181 2482 1236 2546 uel
1251 2480 1375 2547 infinito

230 2588 333 2672 spatio
358 2586 513 2653 contineri
531 2605 589 2653 nec
611 2588 790 2669 temporum
813 2587 868 2651 uel
885 2585 975 2653 linito
994 2588 1049 2653 uel
1070 2587 1193 2654 infinito
1211 2587 1376 2655 uolumine

229 2693 355 2761 uariari.
379 2692 584 2777 nequeenim
607 2692 707 2758 estin
727 2692 796 2757 eius
815 2693 1004 2770 substantia,
1025 2712 1087 2775 qua
1109 2694 1188 2759 deus
1212 2696 1271 2772 est,
1291 2695 1376 2777 quod
1393 2710 1421 2749 ω

229 2800 359 2867 breuius
379 2799 422 2865 sit
438 2800 471 2865 in
490 2800 579 2882 perte
602 2818 697 2881 quem
721 2800 752 2864 in
776 2802 855 2878 toto,
879 2799 1114 2867 sicutnooesse
1132 2805 1271 2868 estesse
1296 2821 1375 2886 quae

228 2908 262 2973 in
284 2906 364 2973 locis
389 2908 472 2985 sunt,
497 2908 553 2971 eut
574 2905 637 2970 fuit
667 2905 700 2971 in
729 2905 798 2971 eius
822 2906 1013 2987 substantia,
1036 2907 1206 2990 quodiam
1229 2927 1291 2973 non
1314 2911 1375 2985 est,

228 3014 284 3079 nel
315 3011 384 3093 erit,
414 3011 500 3096 quod
531 3010 672 3077 nondum
705 3014 764 3091 est,
788 3012 874 3077 sicut
903 3013 937 3078 in
970 3012 1103 3091 naturis,
1127 3032 1207 3096 quae
1239 3018 1376 3098 possunt

228 3119 381 3203 temporis
403 3118 652 3184 mutabilitatem
673 3118 751 3200 pati.

275 3226 327 3291 20.
351 3224 414 3291 Hic
433 3242 507 3310 ergo
527 3223 781 3290 incommutabili
800 3224 986 3291 aeternitate
1000 3224 1113 3292 mneos
1132 3227 1252 3292 creauit
1270 3226 1376 3292 omnia
1392 3242 1419 3280 τὸ

229 3332 336 3413 simul,
362 3350 398 3396 er
421 3330 537 3414 quibus
561 3334 722 3397 currerent
745 3334 889 3413 tempora
911 3334 945 3395 et
965 3331 1162 3414 inplerentur
1192 3335 1264 3400 loca
1295 3336 1375 3399 tem·

317 3489 337 3541 4
354 3486 388 3541 cf.
407 3487 472 3541 Gen.
492 3488 518 3552 3,
537 3487 554 3541 8
626 3487 660 3541 16
678 3486 693 3541 Ι
710 3486 779 3543 Tim.
799 3489 825 3551 6,
844 3488 878 3542 16
942 3488 977 3542 25
997 3486 1030 3542 de
1042 3494 1173 3559 sequent.
1192 3489 1225 3544 ef.
1245 3489 1279 3545 de
1297 3490 1374 3547 cinit.

230 3576 274 3629 dei
291 3574 340 3629 lib.
359 3574 412 3628 XII
432 3574 465 3628 15

266 3682 279 3735 1
300 3679 433 3735 scribtura
449 3680 505 3735 ΕΡ
575 3682 695 3737 locutum
715 3682 758 3749 dri]
780 3683 826 3751 (m.
846 3684 859 3737 1
879 3687 950 3753 ap.)
969 3684 997 3739 R
1051 3684 1069 3737 2
1088 3686 1142 3755 est]
1158 3684 1241 3739 fuitb
1295 3684 1374 3749 lba-

229 3769 329 3823 brabae
348 3768 377 3835 (h
397 3785 455 3837 αφ.
474 3786 509 3823 m.
531 3771 557 3837 1)
577 3770 605 3825 R
712 3771 845 3841 specieS
930 3774 1060 3829 lnoeem
1081 3776 1136 3841 (em
1154 3790 1187 3829 er
1205 3774 1228 3828 is
1246 3791 1281 3828 aa
1301 3776 1329 3839 1)
1345 3774 1376 3829 R

229 3857 395 3912 ambulantis
406 3856 522 3912 PRde
558 3857 719 3913 ladinbare
732 3858 772 3915 E¹
811 3861 845 3915 lo
858 3860 1101 3931 prestrinximuaS
1136 3864 1169 3917 ll
1182 3862 1296 3918 adiubat
1308 3863 1377 3918 E¹P

231 3946 264 4001 12
282 3944 360 4001 Hine
378 3946 496 4015 acepit
518 3946 676 4017 Enpipps'us
692 3964 724 4017 p.
748 3951 909 4004 204-209
931 3950 973 4004 ed.
995 3950 1087 4005 Knoll
1142 3952 1176 4005 13
1194 3952 1284 4022 ipsum
1301 3968 1373 4006 snm·

228 4050 302 4089 mum
315 4032 430 4089 PRde
500 4035 604 4106 uerum]
623 4034 714 4105 ipsum
733 4036 866 4092 uernmb'
918 4039 951 4092 19
969 4056 1018 4093 nee
1038 4042 1191 4110 temporum
1208 4056 1230 4094 e.
1244 4041 1262 4095 i.
1277 4040 1377 4095 m.18

227 4122 262 4177 21
282 4122 352 4191 esse]
373 4138 433 4177 esse
452 4120 484 4176 de
503 4121 546 4176 bis
565 4123 581 4177 b
653 4124 688 4179 22
701 4130 768 4193 post
789 4125 858 4180 locis
875 4128 998 4195 ceperim
1018 4128 1050 4181 ic
1073 4127 1192 4182 editione
1207 4128 1373 4199 meamea:

227 4212 340 4265 immoto
354 4210 462 4265 ondins
475 4214 630 4267 moueatur:
650 4214 689 4267 sio
702 4216 761 4267 tota
775 4215 867 4284 palma
880 4215 913 4269 ab
928 4216 1052 4280 articulo,
1071 4233 1143 4284 qaas
1159 4216 1246 4271 uerba
1259 4235 1291 4287 p.
1302 4222 1373 4288 2⁶0,

228 4300 272 4365 15,
290 4298 340 4352 ubi
357 4299 396 4353 eie
415 4299 491 4355 locas
509 4306 555 4366 est,
574 4300 606 4355 s'n
624 4302 718 4357 eodem
735 4302 856 4357 editione
873 4304 1073 4359 desiderantur.
1132 4306 1167 4359 25
1185 4306 1261 4375 ergo]
1281 4308 1375 4361 autem

228 4388 300 4457 Eup.
371 4388 603 4443 incommutabilis
617 4392 645 4458 (a
663 4394 711 4460 er.)
730 4391 761 4445 E
813 4393 848 4447 26
865 4392 1014 4465 implentur
1030 4393 1069 4448 Ρ1
