3159 4950
421 473 464 528 de
492 473 635 529 Genesi
664 473 708 528 cd
735 475 919 528 litterum
947 473 1012 528 lib.
1040 473 1104 529 1111.
1266 477 1328 541 105

185 668 291 746 deum,
325 687 398 732 cum
429 668 629 752 requiescere
661 687 719 734 nos
753 657 840 745 facit,
874 668 959 734 sicut
986 668 1103 734 dicitur
1129 687 1331 754 cognoscere,

185 794 257 840 cum
287 774 396 858 efficit,
422 777 462 838 ut
488 793 731 858 cognoscamus.
769 793 871 858 neque
900 775 985 840 onim
1014 775 1092 842 dens
1115 776 1333 860 temporaliter

186 881 361 966 cognoscit,
390 881 475 964 quod
503 885 577 946 ante
605 901 667 947 non
695 889 839 960 nouerat,
869 885 1034 948 ettamen
1064 883 1142 948 dicit
1167 883 1330 948 Abrahae:

186 1006 282 1052 nuno
315 987 495 1072 cognom,
530 989 705 1071 qnoniam
738 988 851 1054 times
885 987 1007 1054 deum:
1047 989 1103 1054 ubi
1136 990 1212 1072 quid
1245 989 1332 1054 aliud

153 1094 372 1176 succinimus,
396 1094 476 1158 nisi:
510 1113 594 1159 nunc
621 1095 694 1172 foci,
723 1097 762 1159 ut
788 1099 1024 1180 cognosceres?
1056 1095 1106 1160 his
1134 1097 1332 1162 locutionum

186 1200 300 1266 modis.
325 1218 398 1265 curn
422 1219 469 1278 aa,
494 1220 575 1284 qnae
598 1220 660 1266 non
684 1201 834 1267 accidunt
852 1202 921 1280 deo,
940 1206 1103 1286 tamquam
1121 1203 1171 1267 illi
1189 1202 1334 1267 accidant

160 1312 162 1315 ’
186 1307 358 1389 loquimur,
382 1327 455 1371 eum
477 1309 581 1373 facere
604 1308 822 1393 agnoscimus,
846 1312 884 1373 ut
900 1309 993 1375 uobis
1013 1309 1170 1388 accidant,
1190 1327 1226 1374 ea
1245 1309 1334 1373 durn-

185 1417 280 1489 taxat
313 1433 394 1496 quae
425 1414 600 1479 laudabilia
630 1418 716 1492 sunt,
745 1416 883 1480 ethaeo
915 1424 1070 1498 quantum
1104 1416 1333 1499 scripturarum

186 1539 266 1586 usus
294 1521 445 1586 admittit.
482 1541 586 1604 neque
615 1521 699 1588 enim
726 1524 847 1587 temere
876 1541 933 1588 nos
967 1521 1088 1605 aliquid
1116 1523 1154 1587 de
1184 1522 1241 1587 deo
1268 1522 1333 1588 tale

141 1648 169 1686 ιο
188 1626 291 1692 dicero
315 1627 478 1706 debemus,
503 1628 590 1711 quod
612 1628 644 1693 in
669 1629 827 1712 scriptura
850 1630 919 1696 eius
942 1649 1004 1694 non
1026 1629 1177 1715 legimus.

230 1734 277 1798 lix
299 1733 362 1799 hoc
384 1735 556 1800 locutionis
578 1735 674 1802 modo
698 1737 835 1803 arbitror
857 1736 978 1802 dictum
1001 1735 1083 1802 illud
1107 1737 1145 1802 ab
1170 1737 1334 1819 apostolo:

188 1842 309 1907 nolite
352 1843 585 1908 contristare
627 1843 806 1928 spiritum
848 1849 1020 1910 sanctum
1067 1845 1141 1923 dei,
1183 1845 1220 1907 in
1262 1861 1334 1925 quo

189 1949 332 2033 signati
361 1949 457 2014 estis
484 1949 521 2014 in
551 1950 611 2015 die
639 1949 898 2018 redemtionis.
937 1971 1039 2034 noque
1069 1951 1152 2016 enim
1179 1951 1251 2033 ipsa
1274 1949 1336 2033 spi-

187 2056 267 2120 ritus
291 2056 404 2134 sancti,
429 2076 493 2139 qua
515 2060 565 2122 est
587 2056 742 2140 quidquid
765 2057 836 2141 ipse
859 2061 919 2136 est,
949 2059 1130 2124 substantio
1157 2057 1337 2124 contristari

141 2181 169 2220 ιε
187 2166 303 2245 potest,
337 2182 410 2229 cnm
442 2164 559 2229 habeat
590 2167 751 2230 aeternam
783 2169 878 2247 atque
910 2165 1205 2230 incommutabilem
1236 2163 1336 2228 beati-

188 2271 333 2335 tudinem
355 2271 524 2355 magisque
546 2271 591 2336 sit
612 2271 684 2355 ipsa
707 2276 834 2336 aeterna
860 2272 1132 2336 iucommutabilis
1160 2269 1336 2336 beatitudo.

190 2376 245 2442 sed
273 2377 347 2460 quia
372 2377 420 2442 ita
446 2379 479 2442 in
508 2378 626 2444 sanctis
654 2378 788 2457 habitat,
817 2384 854 2444 ut
882 2397 936 2445 eos
964 2379 1085 2463 inpleat
1108 2378 1249 2452 caritate,
1274 2395 1337 2458 qua

189 2502 320 2549 necesse
335 2487 395 2563 est,
411 2488 447 2549 ut
461 2485 606 2551 homines
627 2505 663 2549 ex
680 2489 824 2568 tempore
843 2486 1003 2571 gaudeant
1019 2488 1174 2569 prouectu
1193 2483 1336 2549 fidelium

190 2592 222 2652 et
252 2589 346 2655 bonis
379 2592 538 2673 operibus,
568 2595 602 2656 et
627 2591 698 2656 ideo
731 2604 863 2657 necesse
897 2594 947 2657 est
979 2594 1075 2657 etiam
1110 2590 1339 2657 contristentur

140 2716 170 2753 ιο
188 2698 281 2780 lapsu
299 2698 353 2762 uel
370 2698 511 2780 peccatis
531 2716 651 2775 eorum,
671 2698 710 2764 de
730 2718 864 2782 quorum
883 2698 945 2764 fide
964 2718 1001 2765 ac
1019 2698 1138 2783 pietate
1157 2698 1338 2783 gandebant

189 2840 232 2850 -
256 2823 337 2886 quae
360 2804 494 2870 tristitia
516 2805 687 2871 laudabilis
707 2810 765 2885 est,
786 2806 861 2889 quia
879 2806 969 2871 uenit
987 2826 1023 2871 ex
1042 2805 1223 2879 dilectione,
1243 2821 1338 2887 quam

189 2910 321 2993 spiritns
341 2914 472 2977 sanctus
490 2912 692 2977 infundit-
710 2916 877 2996 propterea
894 2913 964 2996 ipse
984 2914 1114 2995 spiritus
1134 2911 1251 2977 dicitur
1266 2928 1338 2974 con·

188 3017 310 3081 tristari
337 3017 376 3082 ab
406 3018 463 3097 eis,
493 3019 548 3102 qui
574 3020 621 3084 sic
649 3022 758 3105 agunt,
787 3022 825 3083 ut
853 3038 961 3085 eorum
988 3019 1082 3083 factis
1110 3018 1339 3083 contristentur

100 3194 103 3197 ⁴
189 3124 303 3202 sancti,
326 3144 390 3189 non
413 3125 453 3190 ob
478 3124 574 3204 aliud,
598 3126 661 3191 nisi
685 3126 761 3208 qnia
783 3126 931 3208 spiritum
950 3128 1096 3190 sanctum
1115 3124 1251 3189 habent:
1276 3140 1337 3205 quo

140 3256 168 3295 ιε
189 3230 272 3295 dono
304 3233 371 3295 tam
403 3231 479 3297 boni
507 3234 591 3311 sunt,
620 3234 658 3296 ut
684 3251 739 3297 eos
772 3232 849 3296 mali
881 3231 1103 3309 moestificent,
1131 3229 1337 3305 himerius,

278 3458 296 3510 4
315 3456 381 3511 Gen.
401 3458 444 3519 22,
465 3457 499 3511 12
555 3458 588 3511 12
605 3457 675 3529 Eph.
694 3458 720 3524 4,
739 3457 774 3512 80

226 3582 310 3634 Inoa
329 3581 526 3649 requiesceret
597 3580 742 3636 iecitE¹S
793 3580 979 3635 aeoeertPR
1034 3580 1145 3633 3antea
1160 3578 1198 3632 td
1252 3578 1338 3631 Abra·

188 3668 252 3737 hae]
264 3668 301 3722 ad
314 3668 450 3723 Abraham
464 3670 484 3724 d
502 3669 537 3724 ad
555 3669 638 3723 abrae
656 3670 672 3723 b
727 3668 987 3740 cognoscerem
1007 3670 1215 3737 cognosceretur
1225 3665 1340 3720 PRde

189 3774 251 3826 cup.
269 3758 339 3812 XE
406 3759 598 3830 loquutionum
612 3760 640 3813 P
691 3758 805 3830 ithace]
826 3759 877 3813 hoc
896 3759 912 3813 b
931 3774 982 3814 om.
1002 3755 1039 3811 Ρ1
1092 3754 1338 3811 eammieticPR¹

188 3863 241 3901 nos
256 3852 361 3902 temere
379 3848 417 3902 bd
505 3848 561 3902 tale
580 3848 614 3901 de
633 3848 684 3902 deo
702 3848 796 3903 PRbd
884 3847 941 3901 tale
960 3844 1056 3901 omri
1145 3845 1175 3898 11
1196 3843 1246 3913 Eu]
1268 3844 1338 3898 rto

189 3938 359 4006 loquutionis
368 3938 423 3993 PR
478 3939 511 3991 12
530 3936 741 3992 contristorcE¹
801 3937 834 3991 13
849 3926 920 3990 diem
930 3933 983 3989 ΕΗ
1047 3932 1241 4003 redemptionis
1251 3931 1341 3987 RStd

191 4026 226 4079 14
235 4024 342 4095 quaed
393 4025 629 4097 quicquidE²RS
680 4030 724 4080 est
734 4026 824 4096 ipsud
863 4026 895 4080 17
910 4024 1014 4095 quseS
1048 4022 1080 4077 18
1095 4019 1341 4092 profectuPRde

190 4113 324 4169 wlstan
342 4114 370 4167 Ρ
470 4114 617 4185 pietateo¹
704 4114 736 4167 21
759 4114 851 4183 qnam]
871 4130 952 4185 quam
972 4116 1009 4181 (m
1029 4128 1089 4181 exp.
1109 4128 1143 4165 m.
1164 4111 1190 4178 1)
1210 4109 1235 4165 S
1251 4110 1339 4179 quad
1424 4100 1427 4107 ’

190 4203 226 4259 22
240 4204 290 4257 cit.
304 4189 353 4274 sp}
367 4205 400 4257 iu
415 4218 473 4258 ras.
491 4219 526 4257 m.
542 4202 601 4258 aa
673 4202 842 4257 contristari
856 4204 880 4267 (s
895 4200 981 4269 eutii
1032 4200 1069 4253 24
1087 4214 1185 4269 quomo
1205 4196 1260 4267 (mo
1280 4214 1338 4267 erp.

189 4310 225 4347 m.
246 4296 273 4360 1)
292 4294 320 4347 Ρ
337 4292 444 4363 quo-R
532 4292 569 4345 25
586 4291 669 4360 douo]
688 4290 810 4345 donante
830 4288 854 4345 S
872 4290 952 4359 uojjno
971 4289 1011 4343 Ει
1030 4288 1157 4343 donc-R
1246 4288 1340 4340 mesti-

190 4382 274 4437 floent
289 4382 319 4437 R
389 4381 429 4436 hii
447 4381 478 4435 Ε
1284 4378 1287 4386 “
