3159 4950
570 506 822 577 inperfectus
848 504 961 560 iiber.
1277 506 1341 571 485

201 700 285 784 quod
317 700 355 765 de
378 702 461 765 terre
484 702 516 765 et
538 700 617 765 mari
639 704 806 784 propterea
827 705 905 784 pnto
929 719 992 765 uon
1016 718 1086 765 esse
1113 701 1243 775 factum,
1269 698 1343 781 quia

200 808 302 893 magis
321 806 433 872 harum
451 824 555 871 rerum
576 809 626 871 est
644 804 852 871 discernende
869 809 992 886 natura,
1012 824 1092 891 quae
1112 824 1184 869 oum
1204 804 1343 869 oriantur

200 920 232 980 et
255 914 401 980 occidant
423 912 553 979 seminis
578 912 780 979 successione
803 916 1026 997 propagantur.
1050 932 1090 978 sn
1113 911 1188 997 quia
1209 916 1293 975 terra
1311 911 1344 973 et

199 1040 285 1087 mare
309 1022 405 1087 simul
428 1020 497 1087 fieri
519 1021 682 1104 potuerint
704 1040 766 1086 non
790 1020 896 1085 solum
918 1020 950 1084 iu
979 1020 1156 1086 rationibus
1181 1020 1341 1083 creaturae

167 1130 361 1213 aspiritalis,
384 1128 440 1193 ubi
463 1128 561 1193 simul
584 1128 689 1194 omnia
711 1128 797 1193 faeta
819 1130 904 1207 suut,
930 1127 986 1192 sed
1009 1126 1105 1192 etiam
1126 1128 1160 1190 iu
1182 1126 1254 1208 ipsa
1277 1141 1342 1188 cor·

197 1234 298 1318 porali
329 1234 479 1313 motione,
514 1234 640 1300 arbores
673 1252 748 1300 uero
782 1236 815 1299 et
847 1252 989 1319 quaeque
1022 1234 1138 1315 stirpes
1165 1231 1253 1297 nasci
1280 1249 1342 1295 uon

197 1345 329 1425 possent
346 1342 408 1407 nisi
425 1344 518 1419 terre,
537 1340 569 1406 in
589 1360 651 1425 que
669 1340 892 1426 germinarent,
915 1338 1154 1424 praecessisset,
1177 1342 1344 1423 propterea

198 1451 231 1513 et
260 1448 466 1533 repetendum
498 1450 566 1513 erat
596 1448 720 1513 iussum
754 1447 816 1528 dei,
849 1451 887 1513 ut
914 1450 946 1512 et
973 1446 1058 1513 sacta
1089 1444 1344 1531 significarentur

198 1553 348 1619 disuntis
369 1558 476 1620 tamen
499 1574 561 1620 non
585 1556 647 1621 alio
671 1556 722 1621 die
745 1554 898 1636 iacienda,
921 1552 1156 1639 propterquod
1181 1550 1342 1617 radicibus

154 1684 179 1723 ro
196 1664 298 1725 terrae
322 1660 504 1747 adfiguntur
527 1664 560 1727 et
582 1663 833 1728 continuantur?
857 1662 915 1729 sed
933 1662 1041 1748 quaeri
1059 1663 1176 1746 potest,
1197 1656 1342 1725 curiatis

197 1765 275 1832 deus
289 1786 351 1833 non
370 1768 548 1851 inposuerit
565 1770 702 1834 nomine.
723 1789 761 1834 an
780 1770 1042 1854 praetermissum
1062 1771 1121 1849 eet,
1142 1766 1216 1852 quia
1233 1764 1341 1829 multi-

195 1872 272 1940 tudo
296 1891 404 1938 eorum
428 1892 490 1940 non
514 1872 664 1940 sinebat?
687 1894 800 1940 uerum
822 1876 901 1941 haec
925 1874 1067 1961 quaestio
1091 1872 1207 1938 melius
1230 1874 1343 1955 postea

196 1979 455 2060 considerabitur,
485 1998 558 2046 cum
590 1982 880 2049 animaduertemus
912 1982 975 2047 alis
1007 2000 1086 2066 quae
1118 1998 1180 2044 nou
1212 1978 1343 2045 uocauit

196 2084 285 2163 deus,
309 2086 394 2152 sicut
425 2088 556 2154 uocauit
582 2089 687 2153 lucem
721 2092 753 2155 et
785 2090 908 2155 caelum
933 2091 966 2155 et
991 2092 1108 2153 terram
1131 2091 1164 2152 et
1185 2104 1281 2150 mare.
1306 2088 1343 2148 et

151 2216 176 2255 n
196 2192 299 2257 facts
322 2196 382 2259 est
404 2212 564 2279 uespera
587 2198 624 2260 et
645 2196 788 2262 factum
813 2199 872 2261 est
893 2214 998 2261 mane
1022 2194 1103 2260 dies
1127 2193 1278 2259 tertius.

242 2300 294 2367 12.
317 2300 364 2365 Et
396 2300 492 2365 dixit
524 2300 634 2366 deus:
667 2302 765 2367 fient
796 2302 1000 2367 luminaria
1029 2300 1067 2366 in
1099 2300 1339 2365 firmamento

196 2404 303 2486 caeli,
328 2408 369 2471 ut
391 2408 547 2474 luceant
570 2413 842 2493 superterram
866 2413 903 2476 et
926 2408 1099 2474 diuideut
1121 2408 1221 2472 inter
1244 2406 1340 2471 diem

196 2515 232 2578 et
263 2517 430 2592 noctem;
464 2517 500 2581 et
532 2516 608 2582 sint
639 2515 675 2582 in
709 2517 830 2602 signis
855 2521 892 2582 et
913 2517 950 2582 in
978 2515 1215 2601 temporibus
1244 2515 1281 2579 et
1302 2513 1339 2577 in

195 2619 329 2686 diebus
363 2621 467 2687 etin
502 2623 629 2700 aunis;
663 2627 700 2689 et
729 2623 864 2689 sintin
893 2622 1133 2709 splendorem
1155 2622 1192 2687 in
1215 2621 1340 2686 firma·

149 2749 174 2790 so
193 2730 318 2793 mento
344 2727 452 2810 caeli,
474 2733 516 2794 ut
541 2729 698 2796 luceant
727 2735 1011 2815 superterram.
1037 2734 1148 2815 quarto
1172 2729 1222 2794 die
1246 2729 1339 2793 lumi·

194 2833 282 2898 naria
302 2833 387 2899 facta
411 2837 495 2915 sunt,
516 2834 554 2901 de
578 2837 694 2921 quibus
713 2837 849 2902 dicitur:
874 2841 911 2903 et
934 2837 1069 2903 sintin
1093 2836 1238 2903 diebus.
1264 2834 1340 2920 quid

195 2939 257 3005 sibi
281 2957 354 3026 ergo
378 2941 492 3006 uolunt
514 2943 578 3007 tres
603 2941 670 3008 dies
693 2944 846 3010 transacti
864 2943 932 3010 siue
950 2943 1186 3010 luminaribus?
1210 2947 1266 3008 aut
1285 2961 1341 3008 our

193 3045 257 3112 ista
280 3050 373 3112 eruut
394 3047 426 3112 in
451 3047 574 3128 diebus,
599 3050 627 3114 si
650 3051 746 3116 etiam
770 3051 838 3117 siue
860 3052 934 3118 istis
958 3051 1025 3118 dies
1049 3071 1121 3118 esse
1147 3052 1340 3135 potuerunt?

195 3171 233 3216 an
257 3153 332 3236 quis
354 3153 534 3220 euidentius
557 3152 724 3239 productio
747 3155 805 3222 ille
827 3155 979 3242 temporis
1003 3165 1036 3223 et
1061 3175 1222 3223 moramm
1243 3157 1339 3222 iuter·

149 3283 176 3324 so
194 3255 315 3324 uallum
353 3263 443 3325 motu
478 3260 613 3328 istorum
649 3263 856 3329 luminarium
893 3263 1048 3350 distingui
1081 3265 1120 3330 ab
1157 3262 1339 3329 hominibus

193 3367 326 3448 potest?
346 3385 384 3432 an
403 3367 467 3432 ista
486 3367 607 3433 dierum
623 3372 656 3434 et
668 3369 812 3435 noctium
830 3371 1025 3436 enumeratio
1045 3371 1084 3436 ad
1104 3371 1339 3436 distinctionem

195 3471 283 3537 ualet
313 3473 396 3538 inter
426 3473 516 3538 illam
548 3478 703 3556 naturam,
728 3495 809 3561 quae
836 3477 921 3542 facte
943 3496 1005 3543 non
1033 3481 1092 3555 est,
1117 3481 1149 3542 et
1172 3495 1236 3555 eas,
1260 3495 1339 3562 quae

194 3578 296 3645 fectae
319 3583 404 3658 sunt,
428 3583 465 3645 ut
500 3599 604 3646 mane
641 3583 857 3650 nominaretur
891 3588 1021 3669 propter
1056 3603 1163 3649 earum
1200 3583 1339 3667 speciem

194 3685 360 3766 factarum,
383 3705 542 3770 uespere
565 3707 641 3755 uero
663 3693 793 3774 propter
813 3691 1050 3775 priuatiouem?
1074 3691 1222 3775 quoniam
1243 3709 1338 3773 quan-

285 3843 450 3910 1seen.1,
471 3845 504 3900 13
561 3845 594 3900 lu
613 3845 680 3902 Gen.
702 3849 725 3912 l,
748 3850 788 3902 14.
810 3849 843 3902 15

229 3967 443 4024 2discemande
461 3969 488 4024 L
542 3971 976 4043 5spirituslis(i1csemper)d
1045 3977 1073 4030 in
1092 3975 1189 4031 om.V
1241 3975 1336 4046 rpos-

194 4059 259 4111 sunt
281 4055 309 4110 V
377 4059 541 4129 germinaret
564 4061 592 4116 V
659 4063 899 4132 praecessis'sisset
922 4065 948 4118 V
1034 4065 1102 4118 dut
1121 4065 1158 4136 et]
1178 4071 1206 4120 et
1229 4065 1339 4119 Vutd

195 4145 407 4202 9distsutieV
462 4149 497 4203 14
514 4149 636 4206 terrsV
689 4153 721 4206 15
739 4151 823 4223 iectu]
842 4152 944 4207 fectum
957 4153 1058 4210 Meos
1111 4154 1145 4209 18
1163 4155 1190 4208 in
1209 4155 1336 4224 tempori-

193 4233 255 4305 bus]
274 4233 442 4307 temporibus
460 4235 546 4294 VLbd
600 4239 678 4296 lein
699 4241 785 4312 annis]
806 4241 997 4296 ennisMLbd
1049 4241 1085 4297 22
1103 4242 1156 4298 sibi
1175 4259 1226 4298 ocu
1240 4243 1339 4298 Mcbd

193 4323 229 4379 25
247 4323 411 4382 istarumV
475 4327 510 4381 26
528 4331 655 4384 nortuum
674 4329 737 4384 ML
799 4331 833 4384 27
852 4331 1032 4402 iacta—quse
1050 4349 1102 4389 om.
1120 4331 1158 4386 M
1217 4333 1251 4388 29
1271 4351 1336 4404 qno-

194 4413 276 4485 niam]
298 4431 348 4485 que
368 4414 384 4469 1
403 4415 506 4486 quinci
