3159 4950
593 514 845 585 inperfectus
873 513 985 569 liber.
1056 524 1059 528 ’
1280 516 1346 583 467

200 727 239 773 an
269 728 379 775 rursus
412 711 542 775 eandem
575 710 753 789 materiam,
789 729 883 794 quam
915 710 968 775 uel
1001 710 1081 775 caeli
1114 714 1147 775 et
1168 715 1271 776 terras
1294 711 1349 776 uel

200 818 301 881 terrae
333 816 505 882 inuisibilis
538 820 570 883 et
602 817 821 901 interpositae
853 822 948 901 atque
981 817 1090 902 abyssi
1122 818 1247 884 nomine
1271 836 1348 881 nun-

201 928 382 1007 oupauerat,
415 924 511 990 etiam
544 942 660 1009 aquam
692 926 798 991 uoluit
830 926 1012 1010 appellare?
1044 943 1100 989 our
1124 924 1208 990 enim
1231 943 1292 989 non
1317 928 1350 989 et

201 1048 282 1112 aqua
313 1030 534 1113 appellaretur,
568 1028 596 1095 si
627 1034 710 1096 terra
740 1030 857 1115 potuit,
891 1050 964 1095 aum
996 1029 1101 1094 adhue
1132 1048 1235 1113 neque
1268 1048 1350 1112 aqua

168 1158 181 1199 a
200 1135 350 1201 distinata
364 1139 458 1220 atque
471 1137 606 1202 formata
621 1155 723 1220 neque
734 1141 817 1202 tarra
827 1140 914 1203 asset
924 1156 1024 1219 neque
1039 1127 1160 1219 aliquid
1175 1135 1283 1201 abed?
1292 1136 1349 1201 sei

199 1242 300 1324 primo
327 1242 462 1308 fortasse
491 1242 614 1308 eaelum
642 1245 675 1307 et
702 1246 784 1307 terra
813 1243 972 1327 appellata
1000 1244 1059 1322 est,
1093 1241 1232 1307 seeundo
1265 1247 1349 1307 terra

200 1333 399 1432 inconposita
426 1351 459 1413 et
486 1349 620 1433 abyssus
659 1367 768 1415 carens
804 1350 892 1428 luae,
920 1348 1016 1413 tertio
1044 1368 1126 1431 aqua
1152 1367 1214 1414 non
1242 1348 1348 1413 incon·

200 1472 291 1539 grue:
315 1458 353 1520 nt
370 1454 472 1539 primo
493 1454 618 1521 n'omine
637 1454 738 1538 ipsius
757 1455 988 1533 uniuersitatis,
1007 1458 1135 1539 propter
1153 1473 1247 1536 quam
1265 1455 1350 1520 faeta

167 1596 173 1611 ν
201 1564 251 1625 est
272 1560 422 1627 materies
435 1560 485 1633 vde
510 1562 636 1628 omnino
660 1562 770 1639 nihilo,
794 1561 828 1625 id
852 1564 902 1627 est
924 1562 1005 1626 eseli
1027 1564 1061 1626 et
1080 1564 1182 1627 terrae
1201 1560 1348 1627 materies

155 1694 182 1735 ιο
199 1656 381 1743 naturatum
410 1652 549 1733 seeundo
576 1672 678 1733 terrae
705 1668 923 1752 inconpositos
957 1673 1053 1751 atque
1084 1668 1193 1751 abyssi
1224 1668 1349 1734 nomine

199 1772 413 1839 insinuaretur
438 1773 631 1853 informitas,
661 1775 736 1858 quia
762 1775 846 1840 inter
872 1775 978 1839 omnia
1006 1774 1163 1840 elemento
1189 1776 1272 1839 terra
1299 1778 1350 1841 est

201 1880 363 1947 informior
394 1884 428 1946 et
459 1882 564 1946 minus
602 1882 787 1964 praelucens
826 1901 921 1963 quam
960 1884 1077 1959 cetera3
1115 1883 1209 1947 tertio
1247 1900 1347 1966 aquae

200 1986 324 2052 nomine
358 1988 590 2071 significaretur
621 1988 769 2054 materies
799 1988 945 2053 subieeta
972 1988 1059 2072 operi
1088 1988 1232 2066 artifieis;
1266 2008 1348 2072 aqua

200 2094 283 2159 enim
305 2094 454 2160 mobilior
476 2099 526 2161 est
548 2114 643 2178 quam
667 2099 759 2163 terra.
785 2097 818 2159 et
834 2095 906 2161 ideo
925 2098 1053 2177 propter
1076 2092 1226 2179 operandi
1248 2095 1348 2160 fenili-

156 2225 182 2267 1s
200 2202 298 2265 tatem
332 2203 364 2265 et
397 2204 518 2266 motum
551 2202 725 2267 faciliorem
760 2202 904 2267 subieota
940 2202 1089 2266 materies
1123 2200 1235 2266 artifici
1267 2220 1348 2283 aquia

200 2307 302 2391 magis
326 2307 469 2372 necanda
493 2310 561 2373 erat
583 2326 677 2391 quam
701 2312 793 2376 terra.
1299 2384 1302 2388 ¹

243 2412 285 2478 lit
308 2432 361 2480 aer
383 2413 510 2498 quidem
534 2415 683 2481 mobilior
706 2418 756 2482 est
779 2433 875 2500 quam
899 2434 993 2500 aqua3
1019 2414 1129 2482 aether
1147 2417 1254 2480 autem
1276 2415 1346 2498 ipso

200 2538 270 2585 aere
293 2520 441 2586 mobilior
463 2540 524 2587 non
549 2521 684 2588 absurde
709 2522 849 2588 ereditur
866 2525 923 2587 aut
940 2522 1091 2597 sortitum
1117 2521 1173 2587 sod
1192 2523 1273 2587 aeris
1292 2522 1347 2587 uel
1391 2582 1394 2588 .

200 2627 339 2692 aetheris
375 2627 501 2694 nomine
533 2629 639 2693 minus
677 2629 902 2694 conuenienter
938 2628 1150 2712 appellaretur
1185 2631 1345 2695 materies.

154 2762 181 2801 20
201 2733 302 2818 magis
335 2735 417 2799 enim
451 2735 529 2800 baec
563 2735 720 2800 elementa
753 2736 820 2799 uim
852 2735 1025 2800 ereduntur
1055 2734 1170 2800 babere
1199 2734 1347 2817 faciendi,

199 2843 282 2904 terra
304 2860 380 2907 uero
404 2845 437 2908 et
459 2861 541 2926 aqua
562 2843 712 2927 patiendi.
738 2842 822 2925 quod
846 2843 874 2908 si
897 2843 1058 2908 oecultum
1083 2845 1144 2920 est,
1162 2842 1243 2907 illud
1262 2845 1347 2908 nerto

200 2947 438 3027 apertissimum
470 2954 558 3034 puto,
591 2950 676 3034 quod
709 2969 824 3032 aquam
857 2951 975 3015 uentus
1008 2952 1119 3014 mouet
1141 2949 1174 3014 et
1195 2949 1347 3014 nonnulla

170 3127 173 3138 ¹
199 3054 336 3131 terrena;
360 3059 476 3121 uentus
501 3061 607 3121 autem
632 3060 682 3122 est
704 3076 756 3122 aer
778 3060 886 3122 motus
911 3059 943 3122 et
966 3056 1057 3142 quasi
1079 3056 1247 3122 fluctuans.
1272 3076 1345 3142 ergo

200 3178 273 3225 eum
296 3179 349 3226 aer
372 3181 485 3245 aquam
505 3163 672 3230 manifeste
691 3167 830 3243 moueat,
850 3164 935 3229 unde
954 3167 1062 3228 autem
1081 3165 1150 3247 ipse
1168 3167 1344 3238 moueatur,

154 3296 181 3336 aa
199 3271 236 3331 ut
259 3269 302 3334 sit
324 3273 452 3346 uentus,
477 3271 639 3336 oecultum
663 3271 715 3349 sit,
740 3271 812 3354 quis
841 3271 968 3336 dubitet
994 3271 1220 3356 congruentius
1244 3289 1345 3353 aquae

200 3375 325 3440 nomine
344 3377 507 3440 materiam
527 3377 644 3454 uocari,
661 3397 723 3460 qua
739 3379 899 3454 mouetur,
919 3398 1014 3461 qnam
1033 3378 1125 3454 aeris,
1141 3378 1196 3461 qui
1215 3377 1345 3441 mouet?

200 3483 323 3547 moueri
344 3487 451 3548 eutem
475 3484 542 3566 pati
565 3486 625 3563 est,
649 3503 777 3549 mouere
801 3484 914 3550 faeere.
945 3484 1007 3548 hue
1031 3483 1164 3560 aceedit,
1189 3482 1275 3564 quod
1298 3500 1344 3557 ea,

200 3606 279 3671 quae
302 3591 386 3653 terra
409 3589 521 3674 gignit,
541 3609 623 3673 aqua
645 3590 831 3675 inrigantur,
851 3593 889 3654 ut
910 3589 999 3666 nasei
1021 3593 1055 3653 et
1076 3587 1187 3672 profici
1208 3587 1344 3671 possint,

234 3799 251 3852 6
271 3797 374 3852 caelum
395 3801 423 3853 et
441 3815 493 3854 om.
511 3797 538 3852 L
610 3799 626 3852 8
645 3799 754 3853 nomine
773 3813 825 3851 om.
851 3797 974 3852 TMLbd
1041 3799 1057 3850 9
1077 3797 1110 3851 de
1130 3797 1238 3852 omnino
1257 3797 1343 3850 nihilo

198 3886 363 3942 materiesd
415 3887 444 3941 id
463 3890 506 3941 est
524 3903 583 3942 orn·
599 3886 721 3941 TMLbd
773 3886 1181 3955 materies1nomineTMLbd
1217 3885 1344 3940 1011οο8-

197 3976 418 4030 retur-nomine
437 3991 488 4030 om.
507 3975 534 4029 L
590 3976 622 4030 12
641 3975 764 4030 relucens
783 3973 848 4029 Lbd
913 3975 946 4028 13
964 3975 1079 4030 materie
1097 3973 1197 4029 Muta
1251 3975 1284 4028 14
1303 3977 1346 4028 est

171 4079 249 4119 om.
274 4063 323 4117 TL
411 4073 523 4134 propter
541 4063 643 4120 nav
745 4065 777 4119 17
798 4063 875 4117 ether
897 4063 950 4117 VT
971 4063 1080 4118 aethere
1099 4063 1126 4118 L
1218 4062 1345 4118 mobilior

198 4151 257 4222 ipso
290 4167 351 4206 aere
378 4152 444 4207 Lbd
563 4153 598 4208 20
631 4153 766 4207 elementa
798 4168 849 4207 om,
877 4151 904 4204 L
1020 4153 1053 4206 21
1082 4151 1162 4223 illud]
1193 4152 1239 4207 uel
1265 4151 1343 4206 Mne

197 4241 233 4295 24
255 4241 415 4296 manifestat
436 4240 483 4295 Μ1
590 4235 700 4296 minuent
723 4240 868 4295 manifeste
890 4238 1002 4295 ML²bd
1125 4242 1160 4295 25
1183 4243 1215 4295 ut
1236 4241 1261 4294 si
1282 4239 1344 4296 ML

197 4331 232 4384 26
252 4329 314 4400 qus]
334 4331 398 4400 quia
420 4329 544 4384 TMLea
650 4331 674 4384 ei
694 4331 764 4384 aeris
782 4331 820 4384 Μ
906 4329 941 4383 27
961 4328 1047 4400 quod]
1066 4331 1096 4383 ut
1113 4328 1139 4382 L
1228 4328 1265 4382 28
1283 4343 1342 4399 per·

197 4419 241 4474 aar
258 4405 357 4474 unua
1183 4417 1187 4420 ·

1240 4523 1290 4578 30*
