3159 4950
207 473 271 534 132
560 468 587 520 S.
612 465 748 519 Aureli
776 463 995 533 Augustini

203 684 266 729 usn
285 663 391 746 potius
411 682 466 745 per
484 661 652 725 interualla
669 663 846 743 temporum
868 658 1042 724 secundum
1062 654 1243 739 praefinitos
1263 653 1352 718 dies?

206 789 244 834 an
268 771 349 835 ferte
373 787 445 847 nnn,
466 769 550 833 sieut
569 768 800 832 sesecundum
823 769 930 832 motus
955 784 1062 830 eorum
1086 761 1247 828 naturales
1270 778 1353 824 nune

207 876 392 960 experimur,
426 875 471 939 ita
503 876 599 940 etiam
632 893 704 940 eum
735 874 883 957 primitus
915 873 1063 938 instituta
1100 873 1176 936 sunt
1214 867 1353 952 cogitare

206 983 371 1060 debemus,
396 981 453 1046 sed
477 981 652 1047 seeundum
676 981 852 1045 mirabilem
872 984 967 1062 atque
986 978 1177 1042 ineffabilem
1200 975 1354 1040 uirtutem

205 1089 382 1172 sapientiae
407 1087 467 1165 dei,
492 1108 571 1170 quae
596 1087 734 1171 adtingit
756 1107 773 1150 a
797 1087 858 1150 fine
881 1106 983 1168 nsque
1003 1085 1155 1149 adfinem
1177 1082 1301 1147 fortiter
1323 1083 1356 1144 et
1387 1097 1400 1135 ⁵

174 1246 176 1249 -
207 1197 349 1280 disponit
373 1195 479 1259 emnia
497 1195 660 1259 suauiter?
684 1212 786 1275 neque
808 1193 891 1258 enim
911 1195 942 1258 et
960 1193 1030 1275 ipsa
1048 1186 1355 1276 gradibusadtingit

208 1305 265 1366 aut
286 1305 450 1384 tamquam
475 1300 817 1386 gressibusperuenit.
852 1301 1042 1382 quapropter
1069 1317 1164 1380 quam
1195 1295 1297 1360 fabilis
1327 1293 1356 1356 ei

207 1408 451 1474 efficacissimus
483 1411 591 1472 metus
625 1411 684 1484 est,
717 1400 784 1470 tam
815 1406 907 1471 fenile
947 1406 1024 1470 deus
1063 1403 1204 1468 condidit
1241 1401 1355 1476 omnia,

208 1515 357 1598 quoniam
380 1514 548 1597 perillam
573 1518 649 1580 sunt
671 1512 807 1588 condita,
831 1517 868 1576 nt
899 1514 970 1590 boe,
996 1511 1080 1594 quod
1103 1529 1186 1575 nunc
1209 1509 1357 1573 uidemus

208 1623 439 1704 temporalibus
466 1622 644 1686 interuallis
669 1641 706 1685 ea
737 1621 860 1685 moueri
892 1619 931 1684 ad
963 1618 1150 1702 peragenda,
1185 1637 1263 1699 quae
1297 1635 1354 1681 suo
1380 1629 1406 1667 1⁰

209 1729 325 1810 suique
358 1726 466 1812 generi
499 1729 682 1808 conpetunt,
716 1745 753 1791 ex
784 1725 850 1790 illis
882 1724 1058 1790 rationibus
1095 1723 1200 1787 insitis
1238 1723 1357 1798 ueniat,

210 1854 290 1917 quas
312 1838 476 1916 tamquam
500 1832 695 1896 seminaliter
718 1833 836 1916 sparsit
858 1833 936 1896 deus
954 1831 987 1895 in
1005 1831 1071 1894 ictu
1097 1829 1260 1906 condendi,
1286 1847 1359 1892 aum

210 1941 319 2018 dixit,
344 1942 382 2004 et
404 1939 507 2004 faeta
530 1943 632 2016 sunt;
656 1940 860 2017 mandauit,
886 1942 923 2003 et
947 1941 1072 2003 creata
1096 1939 1193 2002 sunt.

256 2049 327 2112 Non
360 2048 469 2128 itaque
502 2047 591 2112 tarde
623 2046 810 2111 institutum
844 2049 903 2124 est,
941 2049 978 2110 ut
1015 2045 1123 2109 essent
1150 2042 1249 2122 tarda,
1280 2061 1359 2125 quae

212 2154 302 2219 tarrla
316 2156 401 2232 sunt,
417 2172 475 2217 nee
489 2173 526 2216 ea
544 2173 633 2218 mora
651 2158 727 2218 sunt
746 2153 874 2218 condita
893 2153 1030 2230 saecula,
1051 2171 1113 2235 qua
1131 2151 1360 2216 transcurrunt.
1382 2161 1406 2200 ¹⁵

213 2262 272 2327 hos
302 2261 385 2326 enim
413 2279 563 2325 numeros
592 2265 736 2343 tempora
753 2261 928 2344 peragunt,
963 2277 1043 2341 quos
1076 2277 1149 2322 enm
1183 2259 1363 2322 crearentur

212 2387 273 2432 non
312 2367 530 2450 temporaliter
566 2370 764 2449 aeceperunt.
804 2366 943 2448 alioquin
986 2366 1015 2430 si
1054 2384 1159 2430 rerum
1202 2365 1362 2428 naturales

212 2475 371 2541 motiones
404 2474 589 2555 dierumque
621 2474 766 2550 istorum,
801 2493 880 2556 ques
914 2474 1074 2552 nouimus,
1102 2474 1221 2537 usitata
1250 2474 1362 2555 spatia,

213 2602 288 2648 eum
311 2582 389 2646 haee
411 2581 558 2665 primitus
581 2581 679 2646 uerbo
703 2580 753 2645 dei
775 2580 859 2645 faeta
882 2583 967 2659 sunt,
992 2580 1180 2664 cogitemus,
1205 2599 1265 2644 nou
1289 2599 1363 2659 uno,

215 2689 265 2753 die
293 2706 374 2771 epus
403 2691 480 2763 erat,
508 2688 564 2753 sed
591 2688 747 2771 pluribus,
778 2691 812 2752 nt
840 2708 886 2767 ea,
917 2706 997 2771 quse
1020 2687 1180 2752 radicibus
1204 2688 1365 2771 pullulant
1385 2692 1411 2732 ²⁰

214 2798 394 2876 terramque
416 2794 571 2871 uestium,
596 2794 707 2858 subter
728 2793 878 2875 primitus
902 2794 1126 2877 germinarent,
1146 2793 1259 2858 deinde
1280 2798 1364 2859 serto

215 2919 346 2965 numero
371 2900 494 2964 dierum
516 2919 573 2983 pro
597 2920 655 2965 suo
675 2920 818 2983 quaeque
842 2920 956 2993 genere
980 2901 1011 2963 in
1037 2920 1129 2965 auras
1154 2903 1364 2982 erumperent,

215 3007 313 3071 etiam
341 3007 368 3071 si
396 3007 457 3072 hoe
485 3025 587 3089 usqne
619 3006 719 3082 lieret,
749 3006 833 3088 qued
858 3006 894 3071 de
919 3010 1024 3072 ereata
1047 3008 1158 3070 natura
1181 3026 1291 3071 eornm
1316 3008 1365 3072 die

214 3132 289 3194 nnn,
320 3113 354 3177 id
386 3116 436 3178 est
467 3114 562 3177 tertio
598 3112 719 3178 fantum
757 3114 914 3195 scriptura
949 3114 1098 3178 narrauit.
1134 3112 1246 3177 deinde
1286 3116 1364 3196 quot

215 3220 330 3285 diebus
359 3239 439 3303 opus
467 3223 545 3300 emt,
572 3224 608 3284 ut
631 3238 707 3285 aries
735 3221 890 3297 unlarent,
916 3220 944 3285 si
968 3238 986 3285 a
1010 3220 1078 3285 suis
1101 3219 1281 3303 primordiis
1306 3220 1366 3284 eri·
1385 3228 1413 3268 ²⁵

310 3484 326 3535 5
345 3480 378 3534 ef.
399 3481 461 3551 Sap.
479 3480 505 3544 8,
527 3482 539 3534 1
598 3481 631 3535 13
649 3483 694 3535 Ps.
714 3482 757 3542 32,
777 3482 794 3534 9

257 3657 393 3727 lpotius]
413 3657 496 3711 etiam
514 3655 610 3711 P¹R¹b
677 3656 835 3711 benabiter
852 3656 921 3711 E¹P
997 3658 1068 3711 enim
1088 3658 1174 3711 emb
1244 3656 1367 3711 lfacilis

218 3746 258 3815 ei]
278 3746 357 3799 facile
376 3745 447 3800 seS
509 3745 620 3808 sillam
638 3745 669 3800 Ε
737 3745 862 3799 uidemus
882 3745 980 3814 lepitnr
992 3753 1058 3814 post
1077 3746 1214 3801 mouerit
1275 3746 1307 3800 11
1328 3746 1369 3799 in-

221 3835 282 3889 sitis
304 3834 455 3888 rationibus
479 3833 596 3890 PRde
683 3834 775 3889 insitis
802 3835 822 3903 (i
846 3836 895 3901 fin.
918 3851 953 3887 m.
980 3838 1045 3889 lea
1064 3820 1090 3903 sl
1109 3835 1138 3891 R
1211 3836 1244 3890 12
1263 3834 1373 3905 qunsS

221 3923 399 3992 seminaliter]
422 3924 525 3977 semine
548 3922 692 3977 litterisS
834 3921 967 3977 condendi
991 3924 1017 3992 (n
1037 3924 1120 3992 prius
1145 3940 1167 3978 s.
1193 3925 1210 3978 1.
1233 3940 1268 3978 m.
1294 3926 1319 3983 ll
1344 3924 1374 3977 E

223 4015 258 4067 14
276 4029 337 4081 cap.
356 4012 445 4065 XXVI
462 4012 493 4065 E
552 4013 584 4065 15
603 4012 712 4066 condita
731 4016 795 4066 sunt
814 4012 851 4066 bd
922 4013 986 4082 qua]
1006 4030 1074 4082 quae
1093 4012 1161 4067 11Ρ2
1220 4014 1255 4067 20
1274 4029 1326 4083 que
1344 4012 1372 4065 R

222 4101 259 4153 22
278 4102 412 4170 quaeque]
434 4117 540 4172 quoqne
558 4100 681 4156 EPRSb
754 4118 833 4155 suras
853 4102 945 4169 (efin.
966 4118 1084 4156 essin
1105 4100 1177 4167 1)11
1227 4103 1262 4157 23
1280 4100 1373 4155 huns

223 4187 361 4242 fierent&
449 4193 539 4243 creata
557 4191 613 4258 (pr.
633 4207 650 4243 s
667 4206 689 4246 a.
710 4191 728 4243 1.
746 4207 781 4244 m.
803 4190 828 4257 1)
848 4190 876 4243 Ρ
978 4190 1076 4246 dieis
1162 4191 1198 4245 24
1217 4190 1290 4261 quod
1308 4190 1375 4244 E¹P

224 4279 293 4346 quot
310 4278 335 4343 (t
352 4292 373 4330 s.
394 4277 413 4331 1.
432 4294 466 4330 m.
487 4279 514 4342 lt
531 4278 560 4333 R
622 4278 658 4331 25
671 4284 739 4347 post
757 4279 883 4333 uolarent
902 4279 967 4333 add.
987 4280 1010 4333 si
1030 4297 1046 4333 a
1065 4280 1121 4334 suis
1140 4280 1265 4334 uolsrent
1283 4279 1314 4333 in
1332 4280 1372 4344 P;

224 4381 295 4432 pune
311 4365 398 4419 nerbn
416 4366 480 4420 item
496 4366 612 4435 repetita
630 4384 665 4421 m.
687 4368 699 4420 1
721 4382 780 4436 esp.
800 4368 832 4421 in
849 4367 878 4423 R
950 4369 1109 4423 exsistentes
1127 4368 1182 4423 PR
