3159 4950
239 481 303 544 312
588 477 617 530 S.
643 475 779 530 Aureli
806 475 1026 544 Augustini

238 693 298 739 non
326 673 371 738 ita
397 673 494 737 utin
522 671 696 736 maioribus
723 669 882 752 punienda
910 669 1088 748 uideantur,
1112 667 1198 752 quod
1219 669 1385 752 sperentur

238 780 328 845 annis
353 779 587 854 accedentibus,
611 777 726 861 quibua
749 776 830 842 ratio
852 777 1069 854 concalescet,
1095 793 1190 859 poene
1215 776 1385 858 praecepta

238 888 389 954 salubria
407 887 523 953 melina
542 885 727 970 intellegere
746 885 856 966 eisque
874 883 1026 948 libentius
1045 880 1204 949 oboedire.
1227 880 1284 947 aed
1301 897 1384 946 nune

239 994 278 1059 de
301 994 409 1078 pueris
432 1011 493 1060 non
518 991 653 1077 agimus,
679 1009 814 1074 quorum
831 989 989 1056 carnalem
1007 1007 1044 1055 ae
1062 988 1216 1073 puerilem
1236 987 1384 1053 uolunta·

238 1103 304 1166 tem
327 1103 382 1166 uel
401 1099 540 1184 eorporis
559 1099 613 1164 uel
631 1096 728 1162 animi
746 1096 775 1163 si
792 1097 911 1162 ueritas
930 1099 964 1161 et
980 1095 1123 1178 aequites
1141 1093 1384 1181 obpugneuerit
1413 1115 1428 1153 a

238 1207 354 1291 quibus
370 1209 506 1291 possunt
518 1204 640 1270 uiribus
655 1203 814 1270 dictorum
832 1206 929 1286 etque
945 1202 1104 1268 securum
1122 1204 1308 1287 repugnant.
1326 1219 1384 1284 uro

239 1318 324 1397 que?
348 1313 410 1381 niei
430 1331 488 1395 pro
511 1310 652 1377 falsitate
675 1312 708 1376 et
728 1309 908 1394 iniquitute,
931 1327 1013 1392 quoe
1035 1308 1204 1394 euffrnguri
1224 1306 1386 1372 uidebitur

239 1419 285 1486 cis
313 1419 367 1484 uel
395 1417 435 1483 ad
461 1414 673 1501 percipienda,
702 1433 782 1498 quoe
811 1415 966 1494 alliciunt,
993 1417 1048 1481 uel
1074 1415 1115 1480 ad
1141 1413 1281 1491 uitanda,
1304 1431 1386 1496 quae

239 1525 410 1591 offendunt
426 1523 464 1588 de
479 1523 653 1588 infantibus
668 1522 838 1605 loquimur,
851 1541 914 1587 non
929 1521 1004 1605 quie
1016 1525 1187 1587 nascuntur
1198 1520 1385 1606 plerumque

239 1632 276 1697 de
310 1632 478 1708 adulterim
510 1648 613 1714 neque
645 1627 730 1694 enim
761 1629 795 1694 in
826 1629 934 1713 prauis
963 1628 1106 1695 monbue
1137 1631 1270 1695 naturae
1303 1628 1387 1693 dona
1404 1645 1432 1686 re

240 1737 395 1821 culpando
428 1740 512 1815 eunt,
541 1740 597 1801 eut
628 1738 794 1822 propterea
824 1753 887 1802 non
919 1735 1098 1801 debuerunt
1123 1735 1302 1820 germinare
1322 1733 1386 1798 iru-

240 1849 356 1924 menta,
375 1844 461 1927 quod
480 1861 518 1909 ee
536 1843 621 1910 seuit
637 1841 773 1908 iurantia
791 1859 916 1907 manne.
939 1845 996 1907 ent
1012 1860 1088 1908 uero
1105 1841 1185 1924 ipeie
1201 1841 1386 1925 parentibus

240 1951 389 2017 obfutura
416 1951 461 2017 eit
485 1951 637 2034 iniquitas
665 1969 734 2029 uua,
763 1949 792 2015 ai
818 1967 853 2016 ee
881 1949 1044 2014 addeum
1077 1947 1288 2015 concertendo
1320 1966 1386 2013 uor-

239 2058 396 2124 rcren‘nt?
420 2061 537 2142 quanto
560 2058 667 2123 minus
691 2057 777 2135 filiis,
802 2057 939 2122 eireote
960 2039 1125 2121 uncant!
1185 2047 1189 2053 ’

286 2166 338 2230 14.
367 2165 429 2232 Sed
456 2165 514 2230 illa
540 2168 628 2230 eatae
652 2164 879 2230 uehementem
906 2163 1125 2246 quaestionem
1151 2164 1272 2238 mouet,
1290 2160 1387 2227 'cuiue
1405 2177 1431 2218 u

240 2271 355 2343 anima.
388 2289 462 2335 cum
492 2273 659 2354 peccatum
690 2271 818 2336 nullum
844 2270 961 2335 babeat
987 2269 1026 2333 de
1052 2267 1179 2353 proprio
1209 2267 1387 2334 uoluntatis

241 2377 380 2457 arbitrio,
414 2378 576 2460 quaeritur
606 2377 765 2462 quomodo
789 2377 894 2460 posuit
914 2375 1082 2442 iustificari
1103 2392 1160 2460 per
1180 2375 1269 2440 illiue
1291 2373 1387 2440 urina

240 2484 376 2551 hominis
408 2484 651 2563 oboedientiam,
685 2484 712 2549 ai
743 2502 801 2568 per
831 2482 963 2549 alteriue
995 2481 1091 2550 uniue
1118 2480 1387 2548 inoboedientiam

239 2610 293 2657 rea
319 2610 381 2659 nou
409 2594 468 2659 eat.
505 2593 583 2657 haee
609 2609 670 2658 uox
697 2608 807 2657 eorum
836 2591 895 2668 eat,
925 2589 981 2673 qui
1007 2589 1128 2655 animae
1158 2586 1323 2654 hominum
1350 2606 1387 2652 er

240 2698 422 2763 hominibus
445 2698 629 2781 parentibus
658 2700 779 2764 creatus
803 2698 918 2763 uolunt
939 2716 1002 2763 nou
1026 2696 1155 2780 quidem
1178 2696 1241 2762 nini
1262 2714 1281 2760 a
1303 2712 1387 2759 oren·
1404 2710 1432 2750 ω

240 2807 308 2869 tore
332 2804 400 2883 deo,
425 2806 481 2871 sed
506 2806 590 2871 siout
612 2804 708 2871 etiam
732 2824 873 2889 corpora.
896 2804 1062 2870 nonenim
1087 2805 1119 2871 et
1140 2803 1220 2869 hoec
1240 2805 1387 2888 parentes

241 2912 358 2987 creant,
383 2927 419 2976 ae
442 2930 503 2977 non
526 2910 592 2988 ille,
622 2911 676 2995 qui
704 2910 765 2976 ait:
796 2910 1018 2994 priuequam
1048 2912 1087 2975 te
1117 2909 1317 2976 formarem
1348 2908 1385 2972 in

241 3018 359 3094 utero,
382 3017 470 3081 noui
492 3020 539 3083 te.

287 3120 410 3200 Quibus
441 3124 649 3208 respondetur
681 3125 801 3190 animas
834 3124 963 3207 quidem
1002 3124 1186 3207 corporibus
1222 3122 1387 3189 hominum

242 3227 337 3293 deum
363 3248 462 3294 noune
490 3230 678 3315 singillatim
706 3229 779 3295 dare
806 3229 846 3295 ad
873 3229 944 3307 hoc,
968 3232 1006 3294 ut
1030 3230 1063 3295 iu
1088 3241 1178 3295 earne
1200 3228 1325 3312 peceati
1347 3227 1387 3291 de
1403 3240 1431 3281 ¹⁸

242 3334 388 3418 originali
415 3338 545 3419 peccato
568 3334 716 3401 ueniente
738 3339 825 3400 reete
848 3334 987 3401 uiuendo
1010 3335 1217 3416 emnuleeque
1239 3331 1387 3416 eoncupi-

329 3542 365 3597 22
382 3542 456 3599 Hier.
477 3547 500 3609 1,
520 3544 537 3597 5

277 3684 482 3755 tuoluptatem
500 3682 657 3740 ffiPRde
723 3684 782 3738 dei
799 3684 913 3755 ueritue]
932 3684 1107 3741 ueneritueS
1168 3683 1341 3750 lfuleietete
1360 3686 1386 3753 (e

242 3790 301 3843 unp.
320 3790 355 3829 m.
376 3776 402 3839 1)
420 3775 451 3829 Ε
520 3774 697 3844 sufragariE
711 3774 861 3845 ruffmgare
875 3775 904 3829 P
936 3774 1048 3847 9quia]
1069 3774 1116 3845 qui
1129 3776 1160 3831 E
1194 3774 1229 3831 10
1242 3773 1385 3843 adulteria]

243 3862 384 3917 adulteriis
392 3860 520 3919 PR’de
556 3864 587 3919 11
600 3860 800 3933 germinarin
838 3864 872 3917 12
882 3862 1287 3920 eeruitE¹eerueritSneuerlt
1295 3860 1390 3919 Puto

245 3951 278 4005 13
297 3950 448 4005 offutnreb
503 3950 676 4021 correxerint]
695 3951 903 4021 corripuerintb
942 3953 976 4007 15
994 3952 1054 4021 illa]
1071 3950 1142 4007 illud
1161 3950 1209 4021 (ud
1226 3953 1259 4006 iu
1275 3952 1344 4019 rae.)
1358 3951 1388 4007 R

244 4040 331 4110 aetna]
350 4042 426 4095 aetas
444 4040 468 4094 ai
486 4038 515 4095 Ρ
532 4040 566 4107 (el
584 4044 666 4107 στω.)
685 4039 714 4096 R
732 4043 809 4095 aetas
828 4042 867 4095 eie
885 4040 901 4094 b
920 4042 997 4095 aetna
1013 4040 1099 4095 hied
1165 4040 1199 4096 16
1216 4040 1341 4112 propriae
1361 4041 1387 4107 (n

244 4144 304 4199 exp.
321 4146 357 4183 m.
375 4132 406 4197 1,·
424 4178 430 4199 ,
450 4128 500 4184 ereb
519 4145 534 4184 a
547 4143 609 4199 poe.
629 4146 663 4183 m.
682 4129 709 4197 2)
729 4126 761 4183 E
775 4128 939 4199 proprioed
975 4130 1006 4184 17
1021 4129 1169 4184 iustificare
1182 4128 1249 4186 ΡΒι
1288 4130 1324 4185 18
1337 4129 1387 4183 bo·

244 4217 324 4273 niuis
343 4216 447 4273 om.R¹
520 4216 734 4288 oboedientiam]
751 4216 982 4272 inoboedientiam
996 4216 1025 4273 R
1097 4215 1387 4273 ei-inoboedientiuur

244 4321 296 4360 om.
315 4304 343 4361 R
441 4306 476 4362 20
500 4309 619 4361 creatore
643 4308 670 4378 (a
692 4320 714 4362 e.
735 4306 752 4361 l.
770 4323 808 4362 m.
829 4307 854 4378 1)
873 4306 902 4361 P
997 4306 1032 4361 21
1054 4304 1145 4362 hocb
1238 4304 1388 4377 tbaingil·

244 4395 323 4450 latim
341 4396 381 4451 Ει
