3159 4950
457 462 499 517 de
529 464 674 517 Genesi
701 464 745 519 ad
772 466 955 519 litteram
983 464 1048 519 lib.
1076 466 1138 521 XII.
1308 470 1370 535 391

222 657 258 721 in
281 657 483 741 prophetia
505 660 570 723 aut
592 658 628 723 in
654 659 848 727 doctrina?
871 661 988 726 idest:
1013 680 1086 727 cum
1106 662 1217 747 signis,
1237 664 1298 729 hoc
1323 668 1373 729 est

222 764 350 849 linguae
369 764 541 831 accesserit
558 765 754 844 intellectus,
774 770 891 832 utnon
911 767 1025 851 spiritu
1044 772 1180 848 tautum,
1201 770 1258 835 sed
1277 770 1373 837 etiam

223 874 329 937 mente
352 874 467 956 agatur
489 872 575 954 quod
600 872 716 957 agitur.

266 979 297 1042 9.
334 977 481 1052 Proinde,
518 978 635 1060 quihus
664 981 756 1063 signa
776 999 834 1063 per
857 980 980 1063 aliquas
1017 1000 1122 1046 rerum
1160 984 1371 1066 corporalium

183 1107 207 1145 ,s
224 1084 450 1151 similitudines
468 1084 766 1150 demonstrabantur
783 1085 815 1148 in
835 1085 960 1169 spiritu,
979 1087 1042 1152 nisi
1061 1090 1239 1153 accesserat
1256 1090 1372 1155 mentis

224 1193 378 1270 officium,
411 1196 449 1256 ut
480 1192 577 1257 etiarn
609 1193 885 1277 intellegerentur,
919 1193 1059 1259 nondum
1093 1198 1161 1259 erat
1191 1196 1371 1278 prophetia;

223 1300 389 1383 magisque
405 1298 560 1383 propheta
574 1302 650 1377 erat,
666 1299 721 1382 qui
738 1300 1016 1383 interpretabatur,
1032 1301 1116 1383 quod
1130 1302 1211 1366 alius
1225 1302 1371 1379 uidisset,

225 1425 318 1488 quarn
342 1407 411 1489 ipse
434 1406 490 1487 qui
512 1406 658 1471 uidisset.
686 1406 771 1471 unde
795 1406 926 1489 adparet
948 1408 1052 1492 magis
1076 1408 1115 1473 ad
1138 1412 1278 1473 mentem
1301 1428 1369 1491 per-

223 1513 323 1577 tinere
345 1511 545 1595 prophetiam
569 1531 663 1595 quam
681 1513 721 1577 ad
739 1513 839 1577 istum
864 1511 1024 1593 spiritum,
1044 1514 1098 1596 qui
1119 1512 1215 1579 modo
1235 1514 1371 1595 quodam

180 1640 206 1679 1⁰
224 1620 348 1702 proprio
372 1620 506 1684 uocatur
533 1619 675 1701 spiritus,
703 1619 754 1683 uis
778 1619 901 1683 animae
926 1619 1079 1702 quaedam
1103 1623 1209 1684 mente
1232 1619 1370 1697 inferior,

224 1725 279 1789 ubi
298 1725 509 1809 corporalium
526 1744 631 1789 rerum
650 1725 876 1790 similitudines
896 1726 1122 1809 exprimuntur.
1140 1724 1249 1809 itaque
1267 1726 1370 1811 magis

223 1831 339 1913 Ioseph
375 1830 539 1915 propheta,
573 1830 627 1912 qui
659 1831 826 1909 intellexit,
863 1832 940 1914 quid
977 1831 1191 1917 significarent
1223 1834 1370 1916 septenae

224 1938 331 2022 spicae
362 1940 396 2003 et
427 1941 577 2021 septenae
608 1939 719 2016 boues,
753 1958 848 2021 quam
882 1939 1019 2015 Pharao,
1053 1939 1107 2021 qui
1140 1957 1192 2003 eas
1225 1939 1307 2003 uidit
1338 1940 1369 2003 in

223 2046 359 2120 somnis3
382 2044 471 2110 illius
495 2045 580 2110 enim
604 2045 735 2127 spiritns
758 2044 947 2109 informatus
972 2048 1031 2123 est,
1056 2047 1093 2108 ut
1118 2044 1248 2121 uideret,
1272 2044 1370 2110 huius

181 2167 207 2212 so
224 2171 314 2217 mens
345 2152 543 2229 inluminata,
577 2154 614 2215 ut
645 2152 855 2235 intellegeret.
888 2170 924 2217 ac
956 2170 1012 2234 per
1048 2151 1108 2216 hoo
1145 2150 1177 2214 in
1214 2150 1270 2215 illo
1303 2155 1371 2215 erat

222 2258 342 2343 lingua,
370 2260 403 2324 in
429 2260 493 2324 isto
521 2258 698 2342 prophetia,
727 2259 803 2340 qnia
830 2258 862 2321 in
890 2258 946 2323 illo
974 2276 1079 2321 rerum
1107 2256 1304 2340 imaginatio,
1336 2256 1369 2321 in

222 2365 285 2430 isto
317 2366 580 2451 imaginationum
613 2363 842 2447 interpretatio.
876 2363 981 2429 miuus
1015 2382 1089 2448 ergo
1117 2362 1281 2444 propheta,
1315 2362 1369 2444 qui

221 2493 337 2552 rerum,
360 2493 441 2557 quae
464 2471 694 2559 significantur,
718 2472 788 2537 sola
810 2470 879 2554 ipsa
898 2470 990 2556 signa
1007 2470 1039 2535 in
1059 2469 1173 2554 spiritu
1191 2488 1247 2553 per
1264 2488 1368 2534 rerum

222 2581 431 2662 corporalium
467 2581 623 2666 imagines
659 2578 763 2657 uidet,
798 2581 830 2644 et
861 2579 963 2662 magis
1000 2578 1168 2661 propheta,
1206 2576 1262 2659 qui
1299 2577 1368 2642 solo

177 2707 203 2746 ao
221 2703 329 2750 aarum
359 2687 524 2751 intellectu
557 2685 719 2770 praeditus
753 2687 816 2761 est;
855 2685 912 2750 sed
945 2685 1079 2750 maxime
1110 2684 1275 2767 propheta,
1314 2684 1368 2765 qui

220 2795 355 2873 utroque
375 2793 552 2874 praecellit,
576 2797 613 2856 ut
637 2795 669 2856 et
691 2792 802 2856 uideat
824 2791 856 2855 in
880 2791 994 2874 spiritu
1023 2789 1234 2874 corporalium
1263 2810 1367 2855 rerum

220 2896 450 2980 significatiuas
474 2897 700 2964 similitudines
725 2899 758 2962 et
781 2917 834 2962 eas
858 2898 1033 2962 uiuacitate
1055 2895 1171 2961 mentis
1190 2895 1367 2981 intellegat,
1397 2933 1401 2940 -

220 3002 305 3068 sicut
335 3003 501 3070 Danihelis
533 3005 721 3070 excellentia
751 3007 888 3068 temtata
917 3007 967 3069 est
995 3006 1028 3069 et
1058 3003 1190 3087 probata
1219 3003 1273 3086 qni
1299 3005 1368 3088 regi

219 3112 251 3173 et
273 3109 444 3188 somnium,
468 3111 552 3194 quod
575 3111 710 3189 uiderat,
735 3110 815 3176 dixit
837 3115 879 3189 et,
906 3110 981 3194 quid
1005 3109 1208 3194 significaret,
1234 3110 1366 3192 aperuit.

173 3238 200 3279 ae
219 3219 251 3280 et
272 3216 361 3299 ipsae
385 3216 501 3300 quippe
525 3217 680 3302 imagines
709 3218 888 3301 corporales
911 3217 943 3281 in
968 3217 1082 3301 spiritu
1110 3216 1179 3282 eius
1204 3235 1366 3300 expressae

307 3443 340 3497 12
360 3442 392 3498 ef.
413 3441 479 3498 Gen.
498 3444 543 3508 41,
564 3443 651 3498 1-32
705 3445 740 3498 23
760 3442 794 3498 ef.
813 3443 882 3497 Dan.
903 3444 928 3508 2,
948 3443 1067 3507 27-45;
1085 3444 1112 3505 4,
1133 3443 1239 3496 16-24

251 3582 268 3636 2
287 3582 383 3652 lingna
400 3582 455 3638 PR
545 3583 699 3638 dmentem
717 3581 755 3636 P¹
846 3583 862 3636 5
883 3580 1070 3636 similitudinis
1089 3579 1127 3634 Ρ1
1152 3581 1324 3636 simitudiuee
1344 3581 1367 3636 S

216 3671 375 3726 accessisset
388 3670 493 3726 PR¹bd
546 3672 562 3726 6
577 3671 694 3742 profetia
707 3673 737 3726 E
753 3671 926 3742 prophetiam
940 3671 977 3724 P¹
992 3670 1134 3740 prophetia
1148 3670 1169 3736 (i
1181 3686 1202 3724 a.
1218 3669 1235 3724 l.
1249 3687 1284 3724 m.
1299 3671 1322 3738 1)
1336 3670 1364 3726 R

215 3759 384 3830 prophetat
456 3760 598 3831 'lprefeta
614 3761 646 3815 E
661 3761 811 3831 prophaeta
829 3761 857 3816 R
933 3757 1183 3828 interpraetabatur
1200 3759 1256 3813 ER
1278 3759 1362 3813 inter·

214 3849 374 3918 patrabatur
391 3849 420 3903 P
507 3850 731 3920 9prophaetiam
750 3849 778 3906 R
865 3865 925 3918 cap.
945 3847 1007 3902 xv}
1027 3849 1057 3902 E
1146 3848 1176 3901 11
1196 3847 1306 3917 itaquae
1325 3847 1363 3902 P¹

216 3938 250 3990 12
267 3943 294 3992 et
314 3938 347 3991 13
366 3939 506 4009 septenae]
525 3943 630 4009 septem
650 3938 742 3994 PRbd
823 3940 856 3991 15
876 3938 1028 3991 illuminata
1052 3939 1092 4002 (ta
1109 3935 1141 3990 a‘n
1158 3952 1215 3990 rae.
1235 3953 1269 3990 m.
1289 3937 1316 4006 2)
1334 3936 1362 3992 R

216 4025 249 4078 16
267 4027 429 4096 prophaetia
447 4026 475 4082 R
550 4027 582 4081 17
601 4027 674 4081 histo
694 4027 719 4082 S
787 4027 994 4097 interpraetatio
1013 4025 1095 4080 EPR
1166 4019 1361 4095 prophaeta'R

215 4112 249 4168 18
266 4114 492 4184 significabantur
510 4116 555 4186 (ha
572 4132 594 4170 a.
615 4116 632 4170 l.
651 4133 686 4172 aa.
705 4120 730 4183 1)
752 4115 773 4170 S
846 4116 879 4169 19
898 4113 957 4168 sola
975 4115 1005 4168 E
1025 4113 1112 4167 solnm
1131 4113 1159 4168 R
1230 4113 1360 4184 2011110-

214 4200 523 4273 dictna(ceap.m.1)
543 4204 598 4258 ΕΡ
667 4205 794 4273 maxime]
816 4207 843 4257 et
861 4202 975 4256 maxime
994 4203 1060 4258 Rea
1118 4201 1151 4255 21
1172 4204 1303 4272 utrequae
1322 4201 1360 4256 P¹

213 4292 242 4343 et
260 4307 311 4344 om.
330 4291 408 4347 P¹R¹
489 4293 524 4346 22
543 4293 721 4362 intellegatur
738 4293 766 4347 P
848 4292 885 4346 23
905 4291 1019 4345 danielis
1039 4291 1076 4345 bd
1158 4291 1193 4344 25
1212 4291 1270 4360 ipae
1289 4289 1359 4345 PRh

214 4394 351 4448 expraesse
368 4379 396 4436 R
