3159 4950
244 413 306 476 120
589 412 615 465 S.
644 413 780 467 Aureli
809 413 1027 484 Augustini

239 607 377 670 noctem.
402 609 480 670 tunc
502 607 609 691 itaque
629 609 708 674 deus
728 610 814 674 diem
832 609 919 688 iecit,
939 610 1029 676 ouius
1048 612 1269 695 repetitionem
1289 613 1389 699 scrip-

240 715 312 776 tura
344 713 484 796 appellat
516 713 690 780 secundum
723 715 818 792 diem,
853 715 965 782 deinde
997 719 1128 782 tertium
1157 723 1189 784 et
1215 737 1318 803 usque
1347 721 1388 786 ad

241 823 378 889 sextum.
402 838 464 902 quo
489 823 726 887 consummauit
748 823 829 887 deus
853 842 948 906 opera
971 843 1048 888 sua:
1077 828 1172 907 atque
1200 824 1272 890 inde
1300 825 1389 892 illius

240 926 304 990 diei
342 926 490 1009 primitus
528 928 627 992 creati
663 928 801 1011 septima
837 929 985 1010 repei'tio
1019 930 1147 1013 septimi
1179 929 1241 994 diei
1274 950 1388 996 nomen

240 1033 372 1115 accepit,
395 1034 428 1097 in
451 1053 514 1116 quo
538 1035 698 1118 requieuit
721 1034 811 1100 deus.
841 1053 877 1099 ac
902 1054 956 1118 per
978 1035 1038 1099 hoo
1062 1037 1151 1102 nulla
1173 1042 1316 1102 creatura
1340 1041 1391 1103 est
1422 1067 1438 1106 ⁵

240 1139 399 1222 septimus
423 1140 502 1218 diss,
526 1140 588 1206 nisi
612 1141 721 1206 eadem
745 1141 816 1225 ipsa
843 1141 962 1224 septies
989 1143 1125 1220 rediens,
1154 1163 1234 1226 quae
1262 1145 1392 1210 condita

241 1249 301 1324 est,
327 1246 454 1328 quando
477 1249 609 1312 uocauit
631 1246 709 1312 deus
733 1247 839 1312 lucem
863 1247 947 1312 diem
973 1250 1005 1312 et
1027 1248 1174 1314 tenebras
1197 1254 1334 1316 noctem.

288 1355 341 1418 21.
365 1355 488 1419 Rursus
512 1373 586 1438 ergo
610 1354 650 1418 ad
674 1372 744 1418 eam
768 1354 988 1436 quaestionem
1007 1355 1188 1432 relabimur,
1209 1356 1247 1421 de
1272 1376 1334 1440 qua
1356 1358 1389 1422 in

241 1461 342 1542 primo
371 1462 453 1525 libro
481 1461 583 1526 exisse
611 1459 808 1540 uidebamur,
837 1464 874 1525 ut
900 1460 978 1526 item
1007 1480 1205 1544 quaeramus,
1231 1463 1390 1546 quomodo

242 1567 375 1632 circuire
408 1567 550 1651 potuerit
580 1566 634 1630 lux
667 1566 707 1631 ad
739 1567 948 1632 exhibendam
972 1567 1115 1632 diurnam
1140 1572 1389 1652 nocturnamque
1410 1599 1440 1638 ro

241 1674 511 1751 uicissitudinem,
536 1692 598 1737 non
618 1673 725 1738 solum
743 1675 912 1756 antequam
933 1675 1011 1739 caeli
1030 1675 1209 1752 luminaria,
1231 1676 1286 1740 sed
1305 1681 1390 1742 ante-

243 1800 338 1864 quam
352 1782 460 1863 ipsum
478 1781 612 1860 eaelum,
628 1779 713 1862 quod
727 1779 962 1846 firmamentum
977 1781 1172 1864 appellatum
1192 1785 1251 1858 est,
1271 1783 1391 1849 iactum

243 1890 340 1965 esset,
369 1892 539 1968 antequam
568 1887 703 1968 denique
732 1888 800 1951 ulla
827 1889 951 1971 speeies
978 1891 1392 1973 ten·aeuelma1·is‚quae

244 1993 414 2058 circuitum
435 1993 517 2057 lucis
536 1993 719 2059 admitteret
738 1998 891 2076 sequente
910 1997 1014 2074 nocte,
1034 1997 1118 2061 unde
1137 1997 1193 2062 ille
1211 1997 1391 2062 transisset.

245 2102 338 2165 cuius
371 2099 569 2184 quaestionis
602 2099 792 2166 difficultate
825 2102 971 2183 conpulsi
999 2103 1068 2168 ausi
1096 2123 1206 2168 sumus
1235 2104 1390 2186 dissepta·
1410 2134 1440 2173 rs

242 2209 362 2274 tionem
386 2211 526 2272 nostram
550 2207 643 2290 quasi
666 2207 705 2271 ad
728 2208 810 2273 hanc
833 2209 999 2274 terminare
1024 2211 1224 2288 sententiam,
1249 2211 1391 2276 111111-

243 2334 351 2380 remns
375 2315 462 2379 iliam
486 2315 603 2391 lucem,
628 2333 709 2398 quae
732 2315 881 2397 primitus
908 2315 994 2380 faeta
1021 2319 1081 2394 est,
1111 2317 1391 2383 conformationem

245 2441 316 2487 esse
350 2425 511 2487 creaturae
545 2421 707 2507 spiritalis,
741 2425 868 2488 noctem
901 2441 976 2488 uero
1006 2421 1108 2488 adhuc
1136 2423 1331 2489 formandam
1359 2423 1390 2489 in

241 2530 373 2612 reliquis
397 2529 546 2611 operibus
570 2548 674 2594 rerum
697 2529 873 2605 materiem,
899 2549 978 2613 quae
1007 2531 1111 2595 fuerat
1137 2532 1294 2610 inst'tuta
1319 2550 1390 2596 cum

243 2637 274 2701 in
306 2636 460 2720 principio
493 2636 571 2699 iecit
603 2636 681 2700 deus
715 2636 839 2701 caelum
869 2640 901 2701 et
928 2641 1055 2713 terram,
1089 2640 1260 2719 autequam
1293 2639 1390 2703 uerbo
1409 2670 1440 2709 zo

242 2744 361 2809 iaceret
383 2744 478 2809 diem.
502 2742 559 2809 sed
581 2762 665 2809 nunc
689 2744 752 2808 diei
776 2742 907 2826 septimi
932 2744 1182 2809 consideratione
1206 2733 1392 2810 commoniti

242 2850 369 2916 facilius
393 2854 452 2927 est,
477 2854 515 2914 ut
541 2869 599 2915 nos
626 2851 770 2934 ignorare
799 2852 965 2927 fateamur,
997 2850 1083 2932 quod
1110 2854 1267 2916 remotum
1296 2856 1346 2916 est
1373 2870 1393 2915 a

243 2956 392 3022 sensibus
416 2956 544 3034 nostris,
569 2974 706 3038 quonam
729 2956 824 3021 modo
853 2956 906 3021 lux
935 2955 1000 3033 illa,
1031 2975 1110 3038 quae
1138 2954 1205 3020 dies
1233 2957 1391 3039 appellata

242 3068 302 3140 est,
326 3065 379 3129 uel
403 3063 538 3129 circuitu
567 3081 625 3127 suo
653 3064 706 3128 uel
729 3063 944 3129 contractione
969 3066 1001 3126 et
1024 3063 1206 3139 emissione,
1231 3063 1259 3127 si
1283 3082 1390 3147 eorpo-

242 3171 319 3235 ralis
338 3173 398 3248 est,
414 3171 503 3237 uices
522 3172 649 3236 diurnas
669 3174 903 3253 nocturnasque
921 3169 1080 3253 peregerit
1101 3169 1165 3245 uei,
1186 3169 1213 3234 si
1238 3170 1390 3251 spiritalis
1410 3204 1440 3243 ar>

244 3279 303 3353 est,
329 3277 501 3343 condendis
525 3276 678 3342 creaturis
702 3277 850 3342 omnibus
874 3278 1074 3360 praesentata
1102 3276 1145 3341 sit
1173 3294 1293 3359 suaque
1321 3276 1391 3359 ipsa

242 3384 422 3465 praesentia
449 3382 543 3461 diem,
572 3385 697 3448 noctem
730 3402 806 3447 uero
840 3382 993 3459 absentia,
1023 3402 1189 3465 uesperam
1218 3382 1310 3447 initio
1338 3383 1390 3447 ab·

242 3489 374 3569 sentiae,
398 3508 491 3553 mane
513 3488 604 3554 initio
628 3488 826 3572 praesentiae
850 3488 971 3567 iecerit,
993 3507 1087 3571 quam
1112 3491 1150 3553 ut
1171 3489 1203 3552 in
1227 3506 1259 3553 re
1284 3492 1393 3571 aperta

280 3716 292 3769 l
312 3715 474 3786 repetitione
492 3714 557 3769 EiS
644 3712 851 3769 31111111112
922 3716 939 3769 4
959 3715 1084 3784 primitus
1109 3714 1157 3783 (mi
1182 3730 1204 3768 s.
1224 3714 1241 3770 1.
1262 3730 1296 3768 m.
1318 3714 1344 3781 1)
1363 3714 1395 3767 E

241 3806 259 3859 6
277 3804 397 3876 septiens
416 3804 485 3858 E¹P
538 3804 553 3856 7
567 3810 633 3872 post
651 3803 779 3857 tenebras
799 3802 864 3859 add.
884 3804 995 3857 uocauit
1008 3803 1100 3859 PRbd
1152 3802 1169 3857 8
1187 3802 1334 3857 relabimur
1353 3805 1390 3872 (m

241 3896 479 3963 serpentum.
500 3892 573 3958 1111
628 3892 760 3947 dexiissc
779 3893 817 3946 od
877 3894 910 3948 10
928 3893 1067 3947 circumire
1085 3891 1164 3946 E¹Sb
1237 3888 1391 3960 11111118Ι

242 3982 401 4037 exibendam
414 3981 443 4046 S,
464 3981 493 4045 111
510 3998 532 4035 s.
552 3982 570 4035 1.
590 3998 624 4035 ne
645 3981 671 4048 l)
686 3982 714 4037 R
786 3980 978 4035 dinturuemb
1035 3982 1069 4035 14
1088 3980 1261 4035 circuitumb
1334 3994 1390 4031 sm·

241 4070 364 4124 mitteret
372 4070 427 4124 PR
439 4086 491 4123 our.
500 4067 540 4122 E¹
597 4068 832 4138 loquaciores
901 4066 1141 4129 111111111111111Ει
1214 4067 1274 4121 susi
1289 4064 1390 4121 om.E¹

244 4160 278 4214 18
296 4159 384 4213 adhuc
402 4158 440 4213 R¹
512 4156 681 4213 formandam
699 4157 740 4213 13¹
789 4158 822 4211 21
838 4162 904 4227 post
923 4156 994 4211 diem
1015 4156 1080 4212 add.
1100 4156 1128 4211 in
1149 4173 1200 4226 quo
1220 4153 1391 4224 requienitb

242 4248 401 4302 communiti
418 4247 459 4301 Ε1
548 4248 584 4301 24
601 4246 751 4301 circuitub
842 4246 1015 4301 emmissione
1032 4244 1060 4300 R
1152 4246 1186 4299 25
1210 4244 1347 4315 spiritales
1366 4242 1395 4295 P

242 4338 277 4393 26
296 4338 356 4408 ipse
374 4336 461 4392 orrab
515 4337 549 4389 27
568 4336 597 4389 in
615 4335 738 4390 initioS
