3159 4950
454 466 495 520 ne
524 467 669 522 sanese
697 467 741 521 aa
768 467 953 521 litteram
984 467 1049 522 rae.
1080 435 1111 522 v.
1288 471 1350 534 153

201 667 299 726 terrae
319 661 433 726 faeiem
455 662 561 745 rigari,
583 663 668 744 quia,
688 661 716 725 si
733 665 858 726 mentes
883 679 943 726 nen
967 662 1101 744 rigabat,
1129 682 1191 728 nen
1205 673 1206 676 ’
1221 681 1353 727 omnem

197 773 298 833 terrae
329 769 445 834 faeiem
472 769 612 852 rigabam
646 769 674 833 si
706 771 812 832 autem
846 770 942 832 etiem
970 771 1094 834 montes
1122 769 1256 853 rigabat,
1284 789 1348 835 nen

198 881 264 941 erat
276 876 340 940 iam
359 876 521 960 impertitio
541 876 680 960 saginae,
701 876 757 940 sed
776 875 891 940 diluuii
909 876 1089 940 inundatio:
1114 877 1199 958 qued
1218 878 1245 940 si
1264 880 1352 941 terra

200 988 275 1048 tune
297 984 344 1048 sie
368 987 445 1058 erat,
468 987 574 1048 tetum
597 1002 683 1047 mare
702 986 779 1061 erat,
800 986 833 1046 et
851 983 990 1047 nendum
1010 983 1147 1048 discreta
1166 989 1232 1048 erat
1250 983 1346 1048 arida.

168 1109 182 1147 a
244 1093 295 1156 ld.
325 1090 385 1156 Cui
410 1091 633 1173 respondetur,
667 1091 745 1178 quia¹
773 1090 833 1155 bue
862 1091 987 1155 uieibus
1015 1093 1195 1173 temporum
1226 1094 1346 1172 posset,

199 1199 282 1263 sieut
305 1203 392 1262 certe
414 1202 558 1280 tempere
580 1217 636 1280 per
658 1198 753 1280 plana
767 1199 907 1282 Aegypti
925 1199 1020 1262 Nilus
1043 1201 1207 1281 restagnat
1229 1202 1261 1262 et
1285 1198 1346 1261 alio

198 1309 340 1388 tempere
363 1305 403 1368 ad
425 1305 509 1387 ripas
532 1323 606 1369 suas
634 1305 718 1369 redit
733 1355 740 1368 .
757 1307 813 1370 aut
836 1307 864 1368 si
887 1304 948 1370 iste
973 1305 1080 1396 neseio
1105 1303 1196 1368 euius
1219 1305 1348 1387 ignotae

197 1431 233 1477 ae
255 1412 447 1496 longinquae
471 1412 570 1494 partis
595 1412 705 1475 mundi
729 1413 821 1492 aquis
847 1415 880 1476 et
901 1412 1022 1494 pruinis
1047 1411 1237 1476 hiemalibus
1262 1411 1349 1474 anni-

197 1519 338 1582 uersaria
360 1500 499 1582 ereditur
520 1503 715 1582 incrementa
738 1518 909 1602 conligere,
934 1518 1067 1600 quidde
1087 1518 1195 1582 oceani
1220 1517 1349 1582 alternis

157 1643 183 1680 10
201 1626 353 1699 aestibus,
386 1610 462 1706 quid
495 1626 533 1689 de
566 1625 758 1708 quibusdam
790 1624 949 1702 litoribus,
984 1643 1064 1706 quae
1098 1627 1162 1690 late
1190 1625 1350 1690 nudantur

198 1731 349 1796 fluetibus
380 1732 591 1815 uicissimque
625 1733 820 1814 operiuntur,
855 1731 918 1796 diei
954 1734 1082 1814 potest?
1118 1735 1155 1796 ut
1188 1731 1345 1809 omittam,

199 1839 281 1920 quaed
305 1839 343 1902 de
376 1840 573 1920 quorundam
611 1839 748 1903 lentium
784 1838 865 1902 mira
897 1839 1119 1903 uicissitudine
1152 1839 1345 1922 perhibetur,

199 1949 282 2010 certe
315 1963 469 2010 annerum
499 1946 669 2009 interuallo
702 1945 748 2009 sie
781 1963 837 2010 ees
869 1945 1032 2022 inundare,
1066 1949 1102 2010 nt
1134 1948 1235 2010 tetam
1258 1945 1347 2010 illam

198 2053 358 2135 regionem
380 2052 495 2136 rigent,
521 2052 572 2115 eni
596 2052 658 2116 alie
678 2057 819 2134 tempere
840 2071 875 2116 ex
895 2052 969 2117 altis
988 2054 1095 2134 puteis
1114 2053 1153 2129 ad
1172 2053 1349 2136 petundum

156 2176 183 2214 1⁵
200 2157 410 2222 sufficientem
438 2159 591 2240 praebent
619 2177 744 2239 aquam.
773 2176 829 2221 eur
857 2158 900 2221 sit
927 2177 1001 2240 ergo
1030 2158 1225 2232 incredibile!
1256 2159 1284 2222 si
1314 2178 1349 2223 ex

200 2283 262 2328 nno
286 2265 392 2347 abyssi
416 2263 518 2344 eapite
543 2264 664 2327 alterna
690 2262 895 2327 inundatione
923 2262 1041 2327 fluente
1071 2267 1165 2344 atque
1193 2264 1348 2328 refluente

198 2374 274 2435 tune
300 2372 450 2435 erninersa
477 2374 561 2434 terra
587 2370 690 2454 rigata
718 2373 787 2434 est?
817 2369 932 2452 quodsi
958 2371 1060 2453 ipsius
1094 2372 1201 2454 abyssi
1224 2371 1346 2454 magni-

199 2478 341 2543 tudinem
375 2498 412 2543 ea
442 2482 532 2560 parte
565 2482 705 2561 excepta,
740 2478 825 2560 qued
861 2496 947 2542 mare
985 2478 1101 2543 dieitur
1139 2482 1170 2543 et
1207 2478 1350 2543 euidenti
1421 2492 1424 2499 ’

199 2585 406 2667 amplitudine
435 2588 531 2666 atque
560 2584 675 2649 amaris
701 2584 854 2649 fluetibus
883 2588 981 2648 terras
1010 2584 1121 2654 ambit.
1150 2585 1181 2647 in
1211 2604 1248 2647 ea
1281 2584 1350 2649 sele

155 2710 183 2747 ae
199 2695 296 2776 parte,
321 2711 416 2774 qnam
439 2691 611 2756 reconditis
636 2691 759 2756 sinibus
783 2694 868 2756 terra
895 2692 1045 2768 eontinet,
1069 2691 1154 2759 unde
1178 2710 1212 2755 se
1236 2710 1345 2756 ornnes

143 2883 146 2887 Α
198 2798 301 2863 fontes
335 2817 506 2880 sumesque
540 2798 676 2863 diuersis
708 2798 863 2863 tractibus
896 2798 1050 2889 uenisque
1090 2798 1285 2863 distribuunt
1316 2801 1351 2862 et

199 2906 267 2969 suis
290 2904 407 2987 quelque
424 2905 505 2969 loeis
525 2909 705 2987 erumpunt,
724 2905 846 2969 fontem
870 2904 976 2969 uoluit
1000 2904 1157 2987 scriptura
1180 2906 1348 2988 appellare,

199 3032 260 3077 nen
274 3012 389 3090 fantes,
404 3015 533 3094 prepter
547 3014 677 3075 naturae
697 3012 853 3075 unitatem
873 3029 1009 3092 eumque
1029 3032 1085 3094 per
1103 3012 1348 3076 innumerabiles

114 3124 117 3128 ’
199 3118 268 3182 uias
292 3122 454 3182 antrorum
476 3121 571 3200 atque
589 3118 740 3181 rimarum
760 3118 983 3181 ascendentem
1009 3118 1047 3182 de
1070 3122 1153 3182 terra
1176 3123 1208 3183 et
1231 3117 1348 3199 ubique

154 3241 183 3280 2⁵
201 3224 378 3307 dispertitis
412 3224 504 3307 quasi
537 3211 677 3289 crinibus
709 3226 899 3308 irrigantem
933 3243 1058 3289 emnem
1095 3225 1209 3289 faeiem
1247 3228 1347 3289 terrae

236 3500 426 3570 lirrigaribd
497 3500 630 3572 irrigabat
645 3502 682 3556 bd
726 3504 855 3555 lauteni
875 3516 926 3559 orer.
942 3502 975 3569 P,
994 3518 1015 3555 a.
1037 3502 1054 3557 l.
1074 3520 1107 3558 m.
1125 3504 1137 3555 1
1154 3503 1181 3557 R
1236 3504 1343 3571 dsagi·

200 3606 250 3642 nae
271 3590 291 3656 (i
309 3594 375 3643 aaut.
394 3607 429 3643 m.
450 3592 462 3643 1
482 3592 515 3644 in
534 3596 558 3657 e)
578 3590 606 3645 R
684 3590 781 3644 dilubii
800 3590 840 3645 Ει
929 3592 1004 3645 4sie
1023 3607 1074 3645 one.
1094 3590 1126 3646 8¹
1219 3590 1350 3660 listeS

199 3678 293 3747 ignote
311 3678 351 3732 Ει
441 3680 459 3733 8
477 3696 508 3732 ae
527 3681 553 3748 (e
572 3679 637 3734 add.
657 3696 678 3733 a.
699 3679 716 3733 l.
736 3696 770 3733 m.
790 3681 817 3747 2)
839 3680 862 3735 S
966 3680 1097 3750 longique
1116 3679 1156 3734 E¹
1177 3680 1294 3749 lonquae
1314 3680 1345 3732 8¹

199 3766 331 3835 partesS
402 3768 585 3822 anniuersalia
603 3768 633 3822 Ε
685 3768 858 3837 tconligere
876 3766 917 3822 1⁴3¹
990 3767 1140 3830 oceanisS
1199 3768 1231 3821 10
1251 3784 1302 3835 que
1321 3768 1349 3822 R

199 3854 314 3910 lataeS
375 3856 406 3909 11
428 3858 580 3910 ommittam
598 3857 627 3911 R
665 3883 667 3885 ·
699 3857 731 3910 13
749 3855 893 3927 inundare]
913 3856 1043 3911 inuadere
1062 3855 1236 3909 Pinundare
1256 3854 1288 3909 ea':
1306 3865 1346 3909 in-

200 3942 344 3998 uadereR
401 3944 433 3997 14
451 3945 506 4015 eui]
527 3945 608 4013 quib
675 3949 742 4011 post
765 3948 887 4015 tempere
912 3944 979 4001 add.
1003 3946 1047 3998 uir
1071 3944 1107 3998 dd
1179 3960 1210 3997 er
1234 3960 1286 3997 om.
1310 3944 1348 3996 Ρ1

203 4032 235 4085 15
253 4033 410 4103 prebentS
480 4034 583 4103 eur]eui
601 4033 639 4086 P¹
711 4050 776 4103 erge
796 4033 833 4087 sit
851 4034 944 4088 PRbd
1003 4034 1035 4087 16
1055 4034 1140 4087 fluent
1158 4032 1186 4085 P
1202 4032 1302 4085 fluente
1323 4036 1348 4096 (e

199 4121 248 4187 fin.
265 4136 287 4174 a.
307 4122 324 4174 1.
344 4138 379 4175 m.
401 4123 426 4187 1)
446 4123 474 4177 R
545 4123 662 4176 retinent
679 4122 707 4175 P
767 4123 797 4175 lt
818 4138 879 4177 cum
897 4122 1053 4191 essequod
1072 4123 1125 4175 ine.
1144 4137 1205 4190 cap.
1225 4120 1350 4175 XVllE

202 4209 236 4262 18
263 4209 429 4264 euidentiam
455 4210 627 4280 plenitudine
656 4209 722 4266 PR¹
814 4212 848 4265 19
877 4216 958 4280 atque
987 4212 1096 4279 amaris]
1126 4228 1194 4280 aque
1222 4210 1303 4264 uraris
1332 4212 1347 4263 b

200 4297 234 4351 21
254 4298 412 4368 amnesque]
431 4299 637 4370 emneaaqued
709 4298 874 4363 tractatibus
889 4298 921 4353 3¹
976 4300 1009 4354 22
1025 4299 1193 4370 quiaqueR¹
1265 4298 1347 4353 serib-

201 4392 262 4440 tura
279 4387 310 4440 E
380 4388 517 4457 appellare
537 4389 669 4457 scripturn
687 4387 802 4443 PRde
856 4388 890 4441 25
909 4388 1017 4457 faeiem]
1038 4389 1205 4458 superficiem
1225 4388 1241 4441 b
