3159 4950
224 491 289 555 368
566 490 593 545 S.
621 490 760 544 Aureli
787 488 1008 559 Augustini

224 687 331 749 carent
362 685 550 769 quandoque
583 686 713 753 scituris
745 687 893 770 posteris,
926 689 1054 770 propter
1086 704 1166 768 quos
1197 686 1261 751 ieta
1297 704 1369 752 eon·

222 790 341 875 scripta
362 796 447 857 sunt.

267 899 320 964 34.
335 899 383 963 Et
400 900 558 965 uocauit
577 900 752 966 dominus
767 900 986 966 deusAdam
1002 904 1039 965 et
1053 900 1149 965 dixit
1163 898 1239 968 illi:
1254 898 1368 965 Adam

221 1004 287 1069 ubi
310 1008 370 1071 es?
398 1005 591 1089 increpantis
614 1026 676 1072 uor
699 1011 759 1086 est,
784 1026 845 1073 non
870 1006 1056 1091 ignorantis.
1092 1008 1125 1071 et
1146 1008 1208 1073 hoe
1231 1024 1306 1071 eane
1330 1005 1370 1070 ad

192 1174 194 1178 ,
221 1112 361 1195 aliquam
383 1113 522 1195 pertinet
544 1114 821 1198 significationem,
846 1114 931 1197 quod
960 1113 1045 1179 sicut
1071 1115 1277 1197 praeceptum
1299 1112 1367 1178 uiro
1399 1134 1412 1175 s

222 1219 332 1283 datum
364 1223 424 1297 est,
456 1239 514 1304 per
545 1240 640 1303 quom
671 1222 853 1305 perueniret
884 1222 924 1286 ad
954 1220 1115 1300 feminum,
1144 1220 1190 1285 ita
1212 1221 1263 1285 uir
1284 1220 1369 1304 prior

219 1323 445 1410 interrogatum
468 1330 673 1411 praeceptum
697 1329 782 1393 enirn
806 1348 824 1393 a
846 1327 973 1393 domino
996 1346 1053 1411 per
1074 1328 1179 1393 uirum
1203 1346 1306 1411 usque
1329 1326 1368 1390 ad

220 1433 381 1510 feminam,
409 1437 576 1517 peccatum
605 1437 713 1498 eutem
739 1453 759 1499 a
785 1433 912 1500 diabolo
940 1453 996 1517 per
1023 1435 1174 1500 feminam
1202 1454 1305 1518 usque
1329 1434 1368 1499 ad

220 1539 335 1605 uirum.
373 1540 452 1605 baec
489 1540 635 1623 mysticis
672 1540 959 1625 significationibus
995 1543 1089 1625 plene
1125 1544 1200 1607 sunt
1235 1559 1297 1607 nou
1334 1541 1368 1606 id

221 1643 401 1727 agentibus,
432 1645 466 1709 in
499 1647 616 1730 quibus
646 1646 732 1712 iacta
763 1651 848 1725 sunt,
882 1648 939 1713 sed
967 1646 1005 1714 de
1034 1648 1083 1713 bis
1112 1650 1225 1733 agente
1257 1650 1366 1731 poten·
1386 1670 1413 1711 m

220 1749 346 1815 tissima
373 1752 528 1834 sapientie
555 1752 615 1818 dei.
643 1772 706 1818 non
735 1757 843 1821 eutem
871 1773 955 1821 nuuc
978 1754 1158 1839 significata
1180 1772 1366 1834 reseramus,

221 1857 278 1923 sod
301 1860 393 1942 gesta
415 1857 627 1924 defendimus.

265 1965 443 2048 Respondit
466 1964 671 2050 srgoAdem:
695 1984 826 2031 uocem
849 1969 952 2032 tuom
976 1948 1106 2033 audiui
1128 1968 1165 2032 in
1189 1966 1366 2050 paradiso

223 2075 260 2137 et
290 2072 416 2150 timui,
450 2072 539 2154 quia
570 2072 692 2137 nudus
726 2092 821 2151 sum,
847 2078 884 2139 et
907 2074 1066 2140 ebeoudi
1089 2094 1155 2139 me.
1189 2073 1268 2139 setis
1295 2092 1366 2155 pro·

220 2180 326 2245 babile
359 2182 409 2245 est
440 2179 543 2245 solere
576 2179 670 2244 deum
694 2184 948 2262 permeatorem
972 2184 1029 2247 teli
1053 2182 1170 2247 actioni
1194 2198 1365 2265 congruam
1384 2203 1411 2245 n

219 2286 254 2351 in
275 2288 378 2352 forma
399 2286 538 2349 humanu
555 2284 665 2369 primis
683 2286 749 2351 illis
766 2287 951 2353 hominibus
975 2288 1137 2370 adparerc;
1163 2306 1242 2370 quos
1260 2292 1367 2353 temen

221 2398 395 2476 numquam
425 2380 573 2476 permisit
605 2392 768 2457 aduertere
800 2394 978 2460 nuditatem
1011 2413 1101 2461 suem
1135 2413 1245 2460 eorum
1267 2394 1368 2459 inten-

219 2500 339 2566 tionem
366 2500 399 2565 in
426 2519 562 2583 superna
589 2501 774 2580 sustollens,
803 2501 865 2566 nisi
892 2505 967 2585 post
992 2505 1160 2585 peccatum
1183 2503 1367 2587 pudendum

219 2607 253 2672 in
280 2606 430 2672 membris
457 2611 582 2672 motum
608 2607 734 2690 poenali
760 2609 975 2674 membrorum
1002 2610 1073 2694 lege
1102 2610 1287 2676 sensissent.
1320 2610 1366 2674 sic

220 2733 295 2798 ergo
310 2714 426 2779 adfecti
445 2719 529 2794 sunt,
544 2718 582 2780 ut
597 2716 702 2780 solent
719 2715 813 2781 adfici
831 2717 975 2802 homines
995 2719 1054 2782 sub
1069 2718 1171 2784 oculis
1186 2719 1364 2794 bominum3
1384 2739 1410 2779 so

221 2825 254 2886 et
275 2820 350 2884 telis
374 2821 510 2887 adiectio
535 2821 573 2886 ds
596 2822 719 2905 peccati
741 2841 844 2904 poena
863 2826 929 2888 eret
948 2841 1020 2889 eum
1038 2826 1137 2890 latere
1156 2826 1251 2902 uelle,
1272 2843 1365 2908 quern

219 2927 316 2991 latere
348 2927 429 2992 nihil
459 2931 576 3012 potest,
609 2932 642 2994 et
674 2931 712 2994 ab
746 2948 783 2994 eo
817 2949 942 2996 ceruam
975 2930 1144 3008 occultare,
1174 2932 1229 3015 qui
1261 2931 1365 2997 cordis

217 3033 377 3116 inspector
399 3037 458 3099 est.
482 3035 538 3100 sed
562 3035 637 3117 quid
659 3037 786 3112 mirum,
812 3036 838 3101 si
862 3037 996 3119 superbe
1019 3038 1163 3102 uolentes
1188 3055 1258 3104 esse
1282 3038 1367 3102 siout

220 3139 265 3204 dii
300 3145 497 3206 euenuerunt
531 3143 564 3206 iu
601 3143 848 3227 cogitationibus
895 3144 963 3209 suis
1001 3148 1033 3210 et
1076 3145 1280 3210 obscuratum
1317 3148 1367 3210 est

218 3246 371 3328 insipiens
405 3265 459 3312 cor
490 3252 620 3314 eorum?
653 3268 687 3314 se
719 3250 836 3332 quippe
869 3249 1014 3316 dixerunt
1043 3271 1112 3317 esse
1141 3252 1300 3336 sapientes
1332 3250 1363 3315 iu
1382 3271 1410 3312 ss

219 3353 411 3420 abundantia
433 3372 492 3418 sua
514 3357 547 3419 et
568 3354 625 3419 illo
650 3357 813 3420 auertente
836 3355 950 3420 faciem
970 3357 1062 3421 stulti
1081 3357 1157 3422 fecti
1176 3359 1260 3424 sunt.
1280 3356 1365 3439 quod

219 3460 303 3525 enirn
318 3460 381 3525 iam
394 3461 482 3545 ipsos
500 3461 641 3545 pudebat
660 3479 735 3546 erga
753 3480 788 3526 se
806 3462 905 3546 ipsos,
920 3463 1003 3529 unde
1023 3463 1084 3530 sibi
1104 3467 1136 3528 et
1154 3463 1365 3529 succinctoria

306 3706 323 3759 3
343 3704 409 3759 Gen.
428 3706 455 3771 3,
475 3706 491 3759 9
548 3705 580 3760 13
600 3703 667 3759 Gen.
687 3706 712 3767 3,
735 3706 767 3760 10
822 3707 856 3760 23
877 3705 909 3762 of.
928 3707 1005 3760 Rom.
1027 3708 1051 3774 1,
1072 3707 1115 3762 21.
1135 3705 1170 3760 22

255 3862 391 3916 lscribtu
408 3862 436 3915 P
490 3861 587 3931 Scap.
607 3862 705 3916 XXXV
723 3863 755 3916 Ε
807 3863 855 3918 dus
874 3865 965 3921 onr.S
1016 3865 1102 3920 Adam
1121 3865 1153 3919 in
1169 3867 1225 3933 fine
1243 3881 1294 3922 om.
1316 3865 1362 3921 lib.

216 3950 410 4021 ⁴lignoruutes
433 3951 472 4004 Ρι
530 3951 687 4022 ¹dpriori
710 3952 748 4006 Ρι
839 3953 1076 4025 iprecepturuS
1164 3953 1318 4010 Bliminam
1337 3953 1366 4007 P

218 4041 309 4093 sutem
327 4037 423 4093 συιδ
475 4038 586 4094 diabulo
605 4039 660 4095 PR
697 4040 892 4096 emisticiss
927 4041 960 4096 10
979 4043 1090 4112 agente]
1110 4041 1138 4096 id
1157 4039 1365 4112 ugentePRSd

216 4127 428 4197 illudegenteb
485 4129 517 4180 17
530 4128 726 4184 intentioneE
780 4128 813 4182 18
826 4129 889 4200 nisi]
909 4130 962 4184 nisi
975 4131 1068 4184 curnd
1122 4131 1155 4184 19
1169 4129 1283 4201 poenulo
1296 4126 1363 4184 ΡΒι

216 4217 255 4269 eie
275 4219 340 4283 (ce.
360 4217 377 4270 l.
396 4234 431 4270 m.
452 4217 478 4283 l)
497 4217 525 4272 R
580 4219 612 4273 21
635 4218 668 4272 de
687 4219 792 4289 peceati
811 4235 861 4274 oro.
880 4218 919 4272 P¹
991 4219 1123 4289 psenaP
1176 4221 1248 4289 eum]
1267 4219 1362 4274 cumb

216 4304 355 4358 uellentb
401 4305 435 4358 22
455 4303 535 4358 lateri
552 4305 581 4360 R
625 4306 661 4359 23
680 4323 795 4377 superne
813 4308 841 4362 P
857 4306 967 4378 superbi
986 4308 1023 4362 bd
1094 4309 1174 4378 sicut]
1196 4309 1242 4377 qui
1260 4307 1365 4363 sicutS

217 4392 252 4445 24
271 4393 315 4445 die
332 4392 370 4445 P¹
424 4393 459 4446 26
477 4393 665 4448 habundantia
682 4395 711 4451 R
766 4398 799 4450 27
820 4413 927 4466 ergesse
946 4397 984 4450 P¹
