3159 4950
443 469 485 523 de
512 469 652 524 Genesi
681 471 724 525 cd
749 473 931 526 litteram
958 472 1025 527 lib.
1049 472 1125 527 VIII.
1289 477 1350 540 261

251 665 361 740 Porro,
386 663 468 729 siin
492 683 620 746 corpore
645 665 770 730 nullum
793 667 973 732 membrum
994 686 1051 750 per
1072 667 1180 733 locum
1203 669 1355 734 uoluntas

209 774 318 836 mouet
339 771 401 836 nisi
425 772 463 836 ab
489 789 525 836 eo
549 771 685 836 membri
708 772 853 852 articulo,
878 793 973 855 quam
995 792 1057 839 non
1080 777 1200 853 mouet,
1226 793 1299 840 cum
1323 778 1356 840 at

208 876 265 942 illa
286 895 359 959 pars
383 877 532 961 corporis,
559 897 638 961 quae
661 881 819 955 mouetur,
844 882 877 945 et
897 879 964 957 illa,
989 899 1053 962 qua
1074 879 1136 944 lira
1158 879 1205 958 lit,
1229 883 1267 946 ut
1288 901 1355 948 mo-

208 987 330 1062 ueatur,
356 1003 521 1068 corporeas
545 985 682 1050 habeant
714 987 908 1068 quantitates
941 1005 1026 1066 suas,
1051 986 1167 1069 quibus
1199 992 1357 1072 occupent

175 1092 313 1175 aspatia
334 1091 477 1158 locorum
501 1111 641 1169 suorum,
666 1095 783 1174 quanto
806 1093 911 1178 magis
933 1093 1001 1176 ipse
1023 1093 1146 1159 animae
1169 1095 1278 1173 nutus,
1303 1095 1355 1159 cui

208 1197 351 1264 membra
373 1197 569 1275 deseruiunt,
593 1202 631 1263 ut
653 1199 739 1281 quod
760 1199 919 1282 placuerit
940 1199 1067 1284 ligatur,
1092 1200 1174 1264 unde
1201 1199 1244 1277 id,
1269 1200 1355 1282 quod

208 1303 401 1370 mouendum
427 1307 486 1385 est,
509 1304 673 1383 innitatur,
694 1323 767 1370 cum
791 1306 896 1370 anime
917 1325 979 1372 non
1003 1306 1048 1371 sit
1069 1308 1182 1371 natura
1205 1324 1355 1388 corporea

208 1430 266 1478 nec
289 1411 384 1478 locali
407 1411 511 1493 spatio
536 1429 649 1494 eorpus
672 1411 803 1494 inpleat,
828 1413 913 1478 sicut
936 1432 1019 1497 aqua
1040 1416 1145 1479 utrem
1169 1412 1238 1479 siue
1262 1430 1355 1494 spon·

209 1519 305 1603 giem
339 1518 397 1584 sed
427 1517 516 1584 miris
549 1517 653 1582 modis
684 1518 754 1601 ipso
787 1519 970 1601 incorporeo
1001 1522 1082 1585 uutu
1110 1519 1281 1586 commixta
1312 1517 1357 1583 sit

163 1647 190 1688 ιο
208 1625 398 1691 uiuificando
424 1624 637 1706 corporique
663 1626 696 1689 et
716 1625 841 1707 inperat
864 1626 987 1709 corpori
1009 1625 1146 1708 quadam
1168 1625 1354 1702 intentione,

208 1751 271 1798 non
294 1733 398 1798 mole:
423 1733 540 1814 quanto
564 1731 679 1815 magis,
702 1731 844 1814 inquam,
867 1734 965 1798 nutus
992 1732 1062 1814 ipse
1084 1733 1261 1798 uoluntatis
1284 1731 1353 1797 cius

208 1859 269 1906 non
292 1858 349 1922 per
370 1839 478 1904 locum
501 1840 658 1916 mouetur,
677 1840 715 1902 ut
733 1855 848 1920 corpus
870 1857 927 1920 per
944 1839 1052 1906 locum
1070 1842 1209 1918 moueat,
1229 1838 1354 1922 quando

208 1948 313 2010 totum
335 1963 392 2028 per
413 1947 520 2027 partes
543 1947 652 2010 mouet
674 1963 732 2009 nec
755 1945 879 2028 aliquas
901 1946 972 2012 loco
988 1948 1099 2012 mouet
1115 1945 1179 2012 nisi
1196 1965 1252 2030 per
1270 1946 1353 2025 illas,

210 2069 288 2135 quae
312 2051 383 2117 loco
406 2069 468 2116 nou
491 2053 619 2117 mouet!

164 2184 190 2223 ιε
255 2160 307 2223 22.
333 2156 425 2237 Quod
449 2158 477 2223 si
499 2158 684 2243 intellegere
708 2157 839 2224 difficile
862 2163 923 2238 est,
947 2163 1117 2242 utrumque
1142 2159 1297 2238 credatur,
1322 2162 1356 2224 et

210 2265 295 2348 quod
318 2267 461 2330 creatura
493 2264 645 2348 spiritalis
669 2284 730 2330 non
762 2284 819 2349 per
844 2266 952 2332 locum
978 2270 1067 2331 mota
1088 2268 1218 2332 moueat
1240 2284 1354 2348 corpus

208 2392 265 2456 per
286 2371 394 2438 locum
419 2373 451 2435 et
474 2370 560 2454 quod
584 2370 662 2436 deus
686 2389 748 2436 non
771 2391 828 2455 per
845 2373 975 2455 tempus
992 2374 1100 2436 motus
1118 2373 1249 2437 moueat
1272 2391 1355 2436 orea-

208 2484 314 2545 curam
342 2478 517 2562 spiritalem
545 2497 601 2561 por
627 2482 766 2561 tempus.
796 2479 912 2562 quodsi
939 2479 977 2544 de
1005 2478 1110 2543 anima
1133 2479 1269 2561 quisque
1291 2498 1354 2543 non

209 2585 283 2651 uult
313 2584 375 2651 hoe
408 2585 534 2650 credere
565 2622 610 2633 —-
642 2585 727 2669 quod
760 2585 890 2668 quidem
922 2586 991 2651 sino
1023 2585 1119 2651 dubio
1152 2604 1214 2650 non
1247 2586 1354 2650 solum

164 2691 363 2769 recrederet,
386 2710 500 2757 uerum
525 2691 620 2757 etiam
643 2692 855 2777 intellegeret,
880 2692 910 2757 si
932 2710 1003 2757 eam
1024 2693 1146 2774 posset,
1170 2691 1267 2757 sicuti
1295 2694 1353 2766 ost,

209 2798 425 2882 incorpoream
450 2798 599 2883 cogitare.
624 2798 675 2863 cui
699 2798 783 2863 enim
806 2817 869 2865 non
891 2798 986 2863 facile
1010 2800 1163 2876 occurrat,
1188 2796 1273 2881 quod
1298 2816 1356 2879 per

209 2906 317 2982 locum
344 2924 405 2969 non
434 2908 611 2985 moueatur,
640 2924 721 2988 quae
748 2924 806 2989 per
831 2906 895 2971 loci
923 2904 1027 2987 spatia
1049 2923 1112 2970 non
1135 2903 1353 2969 distenditur?

209 3012 362 3096 quidquid
387 3014 493 3077 autem
516 3032 572 3097 per
594 3012 658 3078 loci
677 3012 782 3096 spatia
800 3012 992 3079 distenditur
1014 3030 1129 3097 corpus
1153 3014 1220 3088 est;
1245 3030 1281 3077 ac
1299 3030 1356 3093 por

208 3120 269 3185 hoc
293 3137 488 3201 consequens
512 3121 572 3197 est,
595 3122 632 3185 ut
655 3119 759 3185 anime
781 3137 837 3202 per
854 3120 962 3185 locum
985 3118 1108 3186 moueri
1129 3138 1192 3185 nou
1215 3120 1354 3203 putetur,

162 3254 189 3293 aa
208 3226 236 3291 si
270 3244 385 3308 corpus
417 3244 479 3292 non
513 3244 583 3291 esse
612 3225 824 3291 credatur-
848 3226 915 3305 sed,
938 3229 976 3291 ut
999 3226 1103 3291 dicere
1127 3244 1301 3308 coeperam,
1326 3224 1354 3290 si

208 3333 246 3398 de
270 3332 376 3397 anima
398 3333 459 3398 hoe
483 3332 620 3415 quisque
644 3350 705 3397 non
725 3332 799 3397 uult
817 3331 954 3410 credere,
974 3350 1034 3397 non
1055 3331 1150 3395 nimis
1169 3330 1354 3415 unguendus

207 3444 274 3517 est;
300 3438 513 3504 substantiam
536 3456 612 3504 uero
628 3437 688 3502 'dei
709 3438 772 3503 nisi
796 3437 903 3503 credat
925 3456 984 3504 nec
1002 3456 1059 3520 per
1076 3440 1204 3519 tempus
1223 3455 1281 3502 uec
1298 3455 1356 3520 per

206 3547 313 3613 locum
336 3545 468 3623 moueri,
492 3544 633 3611 nondum
656 3544 796 3627 perfecte
819 3542 1115 3609 incommutabilem
1140 3542 1252 3607 credit.

241 3764 371 3816 21nouet
388 3760 428 3819 R¹
483 3760 622 3816 aflines
673 3760 891 3815 chabentruo
945 3760 1056 3829 5ipsae
1074 3757 1155 3813 ERS
1208 3760 1352 3830 iactura]

206 3853 304 3905 notura
322 3854 386 3905 sunt
404 3851 420 3907 b
475 3850 492 3905 8
510 3849 651 3920 siongeom
670 3848 709 3905 Ε1
728 3866 879 3921 spungeam
896 3849 925 3902 P
941 3865 1090 3919 spongeum
1109 3847 1150 3903 R¹
1167 3849 1314 3918 spungiam
1332 3846 1356 3903 S

206 3940 409 4009 9incorporeo]
430 3938 600 4009 corporeo&
680 3936 859 3992 conmixtaS
947 3937 981 3992 10
1001 3938 1066 4007 quo]
1084 3936 1157 4006 quod
1175 3934 1238 3993 312²
1315 3936 1353 4006 et]

205 4028 288 4083 etiarn
306 4028 334 4081 P
405 4029 439 4082 12
459 4027 501 4098 ut]
520 4026 588 4082 etS
661 4029 694 4081 15
713 4026 869 4097 intelligere
887 4026 915 4079 P
931 4023 1098 4095 integereS
1168 4025 1203 4079 20
1227 4024 1356 4096 possitS

205 4116 240 4172 22
264 4118 344 4187 quae]
367 4132 419 4186 que
438 4116 466 4171 P
490 4116 562 4187 quod
579 4116 629 4171 lid
717 4116 751 4170 23
775 4114 904 4186 quicquid
922 4112 1027 4169 E’RS‘
1115 4114 1150 4168 25
1174 4130 1235 4183 cop.
1259 4114 1308 4169 XV
1325 4115 1356 4169 E

204 4203 370 4274 oepemmS
425 4206 461 4261 26
480 4204 604 4275 quisque]
624 4204 747 4275 quisquis
764 4205 809 4270 E,·
826 4205 860 4271 cf.
879 4220 950 4259 uera.
969 4204 1005 4256 18
1086 4219 1140 4257 non
1158 4202 1220 4255 uult
1238 4203 1353 4275 quisque

205 4294 271 4360 (ltoc
288 4295 397 4363 ordior)
416 4295 480 4363 mo
568 4293 659 4363 nimis]
679 4295 770 4347 minos
789 4291 819 4359 S,
837 4292 869 4345 in
886 4291 972 4361 mp.b
1055 4290 1212 4362 arguendus
1236 4294 1265 4359 (u
1283 4291 1351 4346 med.

203 4398 225 4435 e.
245 4383 263 4436 l.
282 4400 316 4437 m.
335 4387 360 4451 1)
380 4382 498 4451 E,PRS
549 4382 584 4437 28
602 4382 737 4452 perlectae
756 4382 784 4435 P
