3159 4950
236 488 301 551 354
584 486 610 539 S.
640 485 779 539 Aureli
810 485 1029 554 Augustini

235 698 330 761 quam
358 679 436 745 deus
465 678 597 757 creauit,
626 678 682 743 sed
709 679 828 742 malam
859 678 1018 761 propriam
1051 679 1251 743 uoluntatem
1283 698 1385 761 poena

235 786 319 869 ignis
343 786 462 850 aeterni
485 785 687 867 plectendam
710 804 781 849 esso
805 784 996 849 credendum
1022 788 1081 849 est.

281 894 333 956 22.
356 892 426 959 Neo
453 892 523 958 eius
550 895 696 956 naturam
725 909 796 955 asse
820 890 1040 975 significatam,
1066 890 1151 973 qnod
1174 891 1295 955 dictum
1320 893 1384 956 ost:

237 999 306 1063 lroo
338 1003 397 1063 ost
427 998 582 1063 initium
614 997 792 1081 figmenti
826 997 976 1073 domini,
1011 995 1108 1079 quod
1137 996 1231 1063 fecit
1267 1000 1309 1061 ut
1335 998 1385 1061 in-

236 1106 391 1170 ludetur
413 1106 457 1170 ab
480 1105 628 1189 angelis
652 1103 746 1182 eius,
771 1103 828 1169 sed
851 1105 904 1168 uel
928 1122 1041 1186 corpus
1066 1104 1197 1181 aerium,
1221 1104 1306 1188 quod
1329 1104 1386 1168 tali
1419 1128 1432 1167 s

236 1212 397 1279 uoluntati
420 1214 629 1295 congruenter
651 1209 783 1293 optauit,
808 1212 861 1275 nol
884 1210 987 1293 ipsam
1012 1209 1253 1285 ordinationem,
1275 1211 1304 1274 in
1325 1228 1388 1293 qua

238 1338 311 1382 eum
333 1319 412 1383 fecit
434 1318 531 1383 etiam
553 1318 714 1382 nolentem
737 1315 851 1381 utilem
880 1315 982 1393 bonis,
1007 1317 1070 1390 nel,
1095 1316 1181 1398 quod
1208 1315 1387 1399 praesciens

239 1444 312 1490 eum
334 1424 461 1508 propria
483 1426 649 1489 uoluntate
672 1424 793 1487 malum
821 1423 964 1487 futurum
987 1421 1066 1487 fecit
1089 1436 1161 1487 oum
1185 1426 1292 1487 tamon
1325 1440 1388 1486 non

238 1532 400 1596 abstinens
422 1531 597 1597 bonitatem
626 1548 717 1594 suam
740 1529 773 1593 in
797 1528 977 1611 praebenda
999 1528 1068 1593 uita
1091 1532 1186 1611 atque
1210 1528 1391 1593 substantia

238 1637 364 1702 futurae
391 1637 488 1702 etiam
515 1636 625 1702 nortae
652 1635 823 1713 uoluntati,
853 1634 951 1700 simul
978 1634 1177 1717 praecidens,
1205 1637 1323 1717 quanta
1350 1634 1389 1699 de
1407 1662 1434 1700 ro

238 1746 295 1811 illo
326 1745 410 1808 bona
441 1746 529 1809 esset
558 1762 617 1808 sua
647 1742 786 1808 mirabili
817 1743 960 1807 bonitate
984 1761 1020 1806 ao
1043 1746 1203 1825 potestate
1236 1743 1389 1808 facturus.

238 1851 392 1918 initium
407 1853 515 1915 antem
529 1849 706 1934 figmenti
730 1849 871 1915 domini
896 1848 1000 1913 dictus
1025 1851 1085 1927 est,
1110 1850 1208 1931 quod
1230 1849 1326 1915 facit
1347 1852 1392 1913 ut

241 1957 439 2023 inludetur
461 1957 505 2021 ab
528 1956 676 2041 angelis
706 1957 800 2034 eius,
829 1974 890 2021 non
916 1957 991 2037 quia
1014 1956 1121 2039 ipsum
1145 1956 1293 2038 primitus
1318 1972 1391 2019 oon·

241 2064 323 2129 didit
354 2065 408 2129 nel
438 2063 531 2128 initio
563 2064 684 2127 malum
717 2061 874 2141 condidit,
908 2062 965 2127 sed
989 2063 1072 2144 quia,
1098 2081 1170 2127 oum
1196 2062 1294 2127 sciret
1317 2080 1391 2125 eum

242 2170 281 2235 ad
309 2171 370 2235 hoo
396 2170 524 2254 propria
550 2171 716 2235 uoluntate
744 2170 866 2233 malurn
894 2168 1048 2243 futurum,
1074 2172 1111 2231 nt
1134 2168 1224 2233 bonis
1253 2174 1438 2243 nooorst,1⁵

242 2277 364 2343 creauit
386 2296 459 2341 eum
482 2276 522 2340 ad
544 2276 616 2355 hoo,
639 2279 677 2341 ut
700 2277 738 2341 de
760 2277 817 2341 illo
841 2274 934 2341 bonis
962 2276 1030 2358 ipse
1058 2273 1235 2358 prodesset.
1258 2275 1320 2339 hoo
1343 2274 1394 2339 est

243 2384 341 2450 onim:
366 2387 408 2448 ut
429 2382 626 2447 inludetur
644 2382 687 2445 ab
707 2382 855 2465 angelis
881 2381 973 2459 eius,
994 2380 1141 2463 quoniam
1161 2380 1208 2445 sic
1226 2380 1392 2460 inluditur,

243 2511 316 2557 oum
344 2491 464 2556 sanctis
491 2493 626 2572 prosunt
653 2491 859 2554 temtationes
888 2489 969 2566 eius,
993 2489 1110 2571 quibus
1139 2507 1194 2554 sos
1222 2488 1394 2570 deprauare

244 2601 383 2676 conatur,
411 2600 449 2662 nt
475 2597 609 2672 malitia,
637 2596 670 2660 in
698 2615 761 2678 qua
786 2597 855 2679 ipse
884 2615 954 2661 esse
983 2594 1101 2674 uoluit,
1131 2613 1167 2660 eo
1195 2595 1323 2660 nolonte
1351 2595 1395 2660 sit

243 2705 334 2769 utilis
357 2704 460 2768 seruis
483 2703 545 2780 dei,
561 2701 625 2784 .qui
647 2701 707 2766 hoo
730 2701 919 2784 praesidens
943 2721 1016 2766 eum
1044 2702 1143 2767 finxit.
1171 2701 1242 2766 ideo
1266 2701 1393 2768 initium
1409 2725 1436 2765 ao

245 2811 284 2876 ad
306 2810 525 2883 inludendum,
555 2809 630 2892 quia
656 2811 689 2874 et
716 2809 793 2874 mali
820 2809 977 2886 homines,
1001 2829 1080 2874 uasa
1104 2808 1248 2875 eiusdem
1276 2808 1395 2874 diaboli

244 2921 277 2981 et
308 2920 471 2998 tamquam
504 2915 618 2997 capitis
651 2933 778 2999 corpus,
818 2936 898 2999 quos
937 2915 1143 2982 nihilominus
1181 2916 1260 2981 deus
1292 2916 1395 2981 malos

244 3024 369 3088 futuros
401 3022 589 3105 praeuidens
622 3023 744 3090 creauit
774 3026 882 3088 tamen
914 3023 955 3087 ad
987 3021 1161 3086 utilitatem
1200 3024 1393 3096 sanctornm,

245 3128 394 3194 similiter
415 3127 612 3206 inluduntur,
636 3147 710 3194 eum
729 3129 859 3210 stipsis
879 3147 992 3194 nocere
1011 3129 1194 3193 uolentibus
1217 3129 1397 3210 praestatur

247 3235 366 3300 sanctis
385 3255 421 3299 er
440 3253 550 3300 eorum
570 3236 793 3318 conparatione
813 3237 938 3300 cantela
956 3239 989 3299 et
1002 3235 1056 3318 pia
1071 3235 1131 3300 sub
1151 3233 1209 3298 deo
1230 3232 1395 3298 humilitas
1415 3259 1446 3300 ss

247 3344 280 3406 et
301 3341 521 3425 intellegentia
543 3342 664 3425 gratiae
688 3344 721 3406 et
744 3341 926 3406 exercitatio
956 3341 994 3405 ad
1023 3339 1204 3406 tolerandos
1234 3339 1335 3404 malos
1364 3341 1397 3404 et

247 3448 390 3531 probatio
414 3447 453 3511 ad
476 3447 654 3531 diligendos
677 3448 836 3514 inimicos.
861 3449 918 3513 sed
940 3449 995 3512 ille
1020 3451 1070 3513 est
1090 3447 1219 3512 initium
1242 3446 1396 3530 figmenti,

248 3554 334 3636 quod
356 3555 403 3620 sio
425 3554 591 3630 inluditur,
611 3555 686 3637 quia
704 3555 864 3637 praecedit
882 3556 962 3621 istos
983 3557 1015 3620 et
1033 3553 1187 3636 temporis
1207 3552 1396 3636 antiquitate

283 3778 462 3832 daereumd
555 3779 673 3832 letiam
694 3781 720 3846 (e
739 3793 860 3833 aum.
880 3782 905 3846 1)
925 3779 955 3832 Ε
1031 3778 1126 3832 utilem
1146 3785 1212 3840 (us.
1233 3779 1252 3832 1.
1271 3795 1305 3832 m.
1325 3781 1350 3845 1)
1369 3777 1397 3832 R

249 3867 345 3921 8eurn
365 3868 453 3921 orreo
526 3883 587 3920 enm
606 3868 689 3921 emb
743 3867 976 3936 9praeuendaP
1048 3865 1190 3938 adqueE¹
1246 3868 1280 3922 10
1299 3867 1397 3921 uolun-

248 3955 406 4009 tatisPRS
458 3955 488 4008 ll
510 3954 635 4010 bonitate
654 3955 855 4026 (boniinrac.)
870 3957 900 4010 E
970 3959 1108 4026 potestate
1124 3955 1236 4010 easetS
1289 3955 1322 4010 12
1336 3971 1396 4024 cap.

248 4043 344 4097 ΧΧΕ
431 4043 552 4110 dicturus
572 4047 745 4114 (urespm.
765 4048 791 4113 1)
811 4045 838 4097 P
912 4045 943 4099 16
968 4044 1171 4114 prodeessetP
1243 4043 1278 4099 18
1302 4043 1397 4114 depra-

250 4133 313 4185 bare
335 4131 375 4185 E¹
465 4133 499 4186 19
523 4149 582 4186 esse
606 4133 705 4188 om.S
794 4134 829 4188 20
854 4133 911 4204 qui]
938 4135 1002 4204 quia
1025 4132 1117 4188 Pata
1206 4133 1238 4187 21
1266 4131 1399 4204 eiusdem]

250 4219 345 4273 eiusS
431 4220 468 4273 24
490 4226 627 4289 prestatur
649 4223 680 4277 E
767 4223 802 4277 25
828 4222 947 4290 cautela]
971 4225 1050 4276 cauta
1074 4223 1100 4275 P
1187 4219 1352 4275 humilitatis
1372 4223 1400 4275 et

250 4307 433 4377 intelligentie
453 4308 577 4378 gratiale
649 4311 686 4364 28
705 4309 728 4378 dg
745 4309 880 4363 inluditur
904 4311 974 4380 (erp.
998 4326 1034 4364 m.
1058 4313 1084 4378 1)
1105 4307 1128 4364 S
1215 4309 1361 4380 praecedet
1379 4309 1403 4364 S

250 4394 469 4466 praecedististos
489 4395 515 4447 P
