3159 4950
413 453 454 506 de
483 452 627 508 Genesi
655 453 698 508 ad
725 455 911 510 litteram
940 455 1006 510 lib.
1035 457 1058 510 I.
1267 462 1309 524 19

151 646 293 726 daretur,
316 648 349 712 in
374 666 468 730 quam
491 651 614 730 partem
638 653 847 732 congregatae
870 651 968 717 sunt?
1004 652 1033 716 si
1056 652 1140 717 enim
1164 656 1231 718 erat
1253 654 1308 718 ali-

150 754 232 837 quid
254 755 378 819 nudum
400 760 512 834 terrae,
545 775 607 838 quo
632 759 908 841 congregarentur,
942 757 1005 822 iam
1029 757 1200 842 adparebat
1222 759 1309 824 arida

147 879 210 926 nec
234 864 339 926 totum
363 863 498 946 abyssus
522 864 712 946 occupabat;
743 864 770 928 si
794 867 902 928 autem
930 866 1036 930 totum
1059 868 1210 944 texerant,
1236 867 1308 948 quis

148 972 222 1033 erat
247 970 350 1046 locus,
384 989 446 1051 quo
480 970 715 1054 colligerentur,
749 975 786 1036 ut
818 974 920 1036 terrae
953 970 1083 1036 ariditas
1117 972 1307 1055 adpareret?

113 1077 381 1159 enumquidnam
413 1077 445 1141 in
479 1077 580 1141 altum
613 1081 823 1161 congregatae
856 1081 941 1155 sunt,
975 1079 1060 1144 sicut
1090 1079 1136 1157 fit,
1166 1097 1239 1144 oum
1268 1080 1308 1144 ad

145 1183 374 1248 uentilandnm
406 1183 439 1247 in
473 1202 545 1248 area
576 1184 691 1248 messis
723 1185 799 1248 trita
832 1185 1005 1268 subrigitur
1038 1188 1071 1250 et
1099 1191 1252 1271 congesta
1273 1187 1306 1252 in

146 1309 302 1374 aggerem
324 1290 424 1355 nudat
444 1291 562 1368 locum,
587 1310 680 1373 quem
705 1290 820 1356 diffusa
843 1291 1048 1358 contexerat?
1081 1292 1237 1375 quiahoc
1261 1292 1306 1357 di-

144 1397 242 1472 xerit,
267 1415 339 1461 cum
361 1397 470 1461 uideat
492 1416 721 1480 usquequaque
745 1415 874 1481 campos
894 1398 990 1463 maris
1009 1399 1185 1480 aequaliter
1206 1397 1305 1474 fusos,

145 1503 228 1586 qnia
251 1503 357 1580 etiam,
381 1521 454 1568 oum
477 1523 578 1586 aquae
601 1504 785 1569 fluctuantis
819 1503 948 1586 quidam
981 1505 1073 1569 uelut
1095 1507 1219 1570 montes
1248 1504 1306 1568 eri·

94 1629 123 1667 1⁰
144 1613 281 1694 guntur,
306 1610 424 1675 sedatis
447 1631 557 1676 rursus
590 1612 838 1694 tempestatibus
868 1613 1115 1695 conplanantur?
1139 1614 1171 1676 et
1193 1611 1221 1676 si
1245 1630 1307 1693 qua

143 1717 246 1782 litora
268 1717 427 1781 nudantur
448 1719 556 1796 latius,
581 1738 642 1783 non
666 1721 774 1801 potest
790 1719 854 1783 dici
873 1719 963 1782 nulla
981 1737 1051 1783 esse
1070 1718 1134 1782 alia
1151 1721 1305 1782 terrarum

146 1823 266 1906 spatia,
292 1843 353 1905 quo
377 1824 508 1889 accedat
530 1825 573 1902 id,
607 1825 692 1909 quod
724 1824 851 1889 aliunde
886 1823 1026 1902 decedit,
1049 1823 1133 1888 unde
1165 1824 1197 1888 in
1231 1843 1305 1888 eum

145 1931 268 2008 locum,
293 1949 329 1993 er
357 1949 419 2013 quo
447 1934 632 2010 recesserat,
660 1932 776 1996 iterum
813 1931 952 1995 accedat.
1000 1949 1073 1995 cum
1102 1933 1209 1994 autem
1237 1932 1306 1994 tota

146 2035 279 2102 omnino
294 2040 377 2100 terra
390 2037 513 2101 undosa
527 2041 640 2102 natura
653 2038 877 2121 cooperiretur,
893 2057 955 2120 quo
972 2037 1107 2114 cederet,
1118 2039 1156 2100 ut
1171 2034 1305 2099 nudaret

97 2167 125 2208 re
146 2143 273 2224 aliquas
297 2147 425 2226 partes?
449 2163 487 2207 an
511 2143 592 2209 forte
614 2143 712 2208 rarior
736 2163 817 2226 aqua
840 2144 932 2209 uelut
954 2144 1071 2208 nebula
1092 2145 1194 2208 terras
1218 2145 1304 2226 tege-

144 2251 215 2326 bat,
241 2269 322 2332 quae
347 2250 591 2333 congregatione
615 2251 753 2334 spissata
785 2254 845 2328 est,
874 2254 912 2315 ut
935 2270 971 2315 er
994 2250 1107 2315 multis
1132 2268 1185 2314 eas
1208 2247 1303 2331 parti·
1355 2257 1359 2262 ’

144 2357 220 2428 bus,
244 2357 277 2419 in
302 2357 417 2438 quibus
438 2356 525 2421 arida
547 2359 658 2439 posset
681 2357 840 2441 adparere,
864 2357 1018 2422 nudaret?
1049 2375 1240 2441 quamquam
1271 2359 1304 2419 et

145 2467 233 2528 terra
255 2463 349 2548 longe
372 2465 500 2547 lateque
524 2464 693 2531 subsidens
716 2465 823 2549 potuit
841 2465 919 2529 alias
939 2468 1044 2548 partes
1063 2463 1212 2545 praebere
1232 2482 1303 2527 con-

46 2634 59 2648 ,
145 2590 256 2649 cauas,
280 2572 397 2653 quibus
421 2572 616 2637 confluentes
641 2576 673 2637 et
692 2575 880 2637 corruentes
904 2590 1004 2653 aquae
1028 2571 1251 2654 reciperentur,
1271 2572 1305 2633 et

94 2704 124 2739 ιο
144 2676 315 2759 adpareret
337 2677 424 2741 arida
447 2696 483 2742 er
506 2678 556 2742 bis
580 2678 733 2761 partibus,
758 2678 841 2742 unde
865 2696 956 2741 umor
979 2676 1172 2741 abscederet.

196 2784 268 2848 Non
302 2787 352 2848 est
375 2787 482 2847 autem
513 2784 657 2849 informis
691 2783 776 2847 omni
808 2783 902 2848 modo
935 2782 1095 2858 materies,
1119 2780 1175 2844 nbi
1207 2779 1303 2843 etiam

146 2891 307 2955 nebulosa
330 2890 452 2971 species
477 2890 666 2973 adparuerit.

198 3000 251 3061 13.
273 2998 316 3061 Et
337 2996 410 3061 ideo
434 2997 541 3079 quaeri
564 2998 668 3063 adhuc
696 3000 812 3081 potest,
847 2996 971 3079 quando
1005 2994 1083 3059 deus
1116 2994 1195 3060 istas
1231 3012 1302 3057 con-

147 3104 280 3187 spieuas
304 3121 456 3186 aquarum
479 3108 694 3187 terrarumque
719 3105 841 3187 species
871 3103 1104 3186 qualitatesque
1128 3100 1300 3173 creauerit;

96 3236 125 3276 as
146 3212 182 3275 in
208 3212 297 3275 nullo
322 3209 405 3274 enim
429 3229 483 3274 ser
506 3210 628 3275 dierum
652 3213 711 3275 hoc
734 3210 906 3275 inuenitur.
944 3210 1051 3292 itaque
1085 3209 1113 3273 si
1140 3209 1201 3272 hoe
1228 3210 1301 3270 ante

187 3387 311 3438 2terrao
330 3384 431 3439 nudum
452 3384 490 3439 Sb
545 3387 669 3438 lterrae
689 3384 771 3438 crab
844 3386 988 3454 appareret
1005 3383 1035 3436 Ε
1096 3380 1302 3447 5altumcon21

146 3474 195 3527 bic
217 3474 288 3541 fim't
307 3490 338 3542 p.
366 3474 410 3527 14¹¹
433 3472 467 3541 S;
489 3479 605 3529 sabama
623 3490 674 3543 nep.
694 3474 775 3540 infer.
800 3473 910 3543 legitur.-
933 3473 979 3526 bie
1004 3475 1046 3525 est
1070 3470 1206 3533 defcctns;
1231 3469 1300 3523 desi·

147 3565 299 3619 derantur:
318 3563 581 3633 gregatae-diuisit
600 3565 655 3631 (21,
677 3562 730 3631 18),
750 3579 804 3632 quo
821 3563 918 3617 uocat.
933 3579 965 3631 p.
982 3562 1014 3616 17
1033 3561 1134 3629 incipit
1205 3559 1222 3612 6
1241 3574 1300 3611 sur-

145 3652 251 3723 rigitur
257 3650 314 3706 11²1>
333 3651 489 3722 subregitur
497 3650 534 3706 P¹
594 3654 723 3721 congesta
738 3652 780 3713 (ira
793 3668 843 3721 arg.
858 3650 1062 3721 congregatalb
1077 3650 1235 3718 congestam
1243 3646 1301 3701 ER

145 3743 164 3797 8
185 3740 367 3810 aequabiliter
384 3740 460 3797 PRd
530 3742 547 3794 9
566 3740 641 3812 quia]
662 3741 709 3809 qui
728 3740 765 3793 bd
857 3740 1021 3793 damnantes
1045 3741 1069 3809 (e
1094 3754 1127 3791 es
1145 3738 1164 3804 i)
1184 3734 1300 3803 P‚RCb

146 3832 182 3885 11
203 3828 351 3895 nudantur,
369 3828 453 3882 latius
472 3828 529 3893 (sic.
548 3827 668 3895 disiice.)
689 3827 705 3880 b
752 3828 785 3881 12
806 3829 878 3897 enm]
899 3827 982 3880 alium
1000 3826 1054 3893 E¹;
1071 3843 1093 3881 a.
1109 3825 1127 3879 l.
1140 3841 1175 3879 m.
1191 3826 1208 3877 2
1223 3824 1251 3877 al
1266 3832 1299 3877 eu

147 3920 185 3974 13
208 3920 296 3971 totam
314 3917 352 3972 bd
407 3918 440 3971 14
458 3920 556 3971 terram
580 3916 617 3969 bd
689 3916 894 3985 quooperiretur
911 3915 939 3970 R
964 3914 1152 3985 cooperientur
1176 3916 1204 3980 (n
1227 3914 1297 3965 nol

145 4011 221 4077 exp.)
245 4006 269 4060 0
285 4006 435 4076 cooperiret
454 4004 490 4058 bd
554 4005 587 4058 15
606 4004 731 4075 tegebat]
752 4003 865 4073 gelabat
881 4004 921 4058 Ε1
982 4005 1015 4057 16
1035 4002 1241 4073 congregationi
1259 4000 1299 4056 12¹

146 4096 325 4167 congretione
339 4094 378 4147 P¹
450 4094 568 4164 spissata
578 4092 672 4164 ΗΜ]
682 4097 725 4147 est
744 4094 874 4163 (spissata
890 4094 923 4146 in
939 4109 996 4147 ras.
1010 4110 1044 4145 m.
1059 4093 1087 4159 2)
1102 4091 1131 4146 R
1187 4091 1220 4145 18
1234 4106 1297 4143 eon-

145 4186 231 4241 cabaa
251 4185 290 4239 E¹
360 4186 392 4239 19
412 4186 566 4239 cormontea
584 4182 700 4237 PRde
766 4182 801 4236 20
821 4182 972 4252 apparetcl
1044 4197 1120 4234 umor
1137 4179 1177 4233 m
1249 4177 1298 4231 ab·

145 4275 305 4331 scederetb
369 4274 402 4327 21
423 4276 525 4344 autem]
546 4272 664 4327 enirnO
723 4271 757 4324 22
777 4271 929 4342 apparetd
988 4271 1022 4324 25
1041 4269 1116 4323 nullo
1136 4272 1165 4336 (n
1183 4282 1204 4321 s.
1225 4266 1243 4319 l.
1262 4283 1296 4319 m.

147 4367 174 4435 1)
194 4366 223 4419 P
240 4364 295 4418 ullo
313 4364 353 4419 11¹

1190 4462 1222 4516 2*
