3159 4950
274 455 337 518 116
629 451 655 504 S.
684 449 822 504 Aureli
850 449 1066 520 Augustini

268 649 416 713 ficeretur
438 646 566 711 initium
589 644 739 710 manendi
762 649 795 710 et
818 644 1002 728 quiescendi
1020 646 1131 722 totius,
1152 645 1236 728 quod
1256 643 1418 712 conditum

270 757 332 831 est,
356 753 388 818 in
411 753 500 818 illius
525 752 641 835 quiete,
667 752 721 835 qui
745 751 897 820 condidit.
923 771 1004 835 quae
1027 751 1118 834 quies
1137 752 1195 818 deo
1214 771 1274 818 neo
1291 751 1419 817 initium

269 860 367 924 babet
390 878 449 924 nec
472 857 663 933 terminum3
689 860 851 923 creaturae
875 860 982 922 autem
1005 857 1103 922 babet
1124 857 1262 934 initium,
1282 858 1417 924 sednon

269 965 368 1030 habet
390 965 573 1030 terminum.
599 967 632 1030 et
653 965 725 1030 ideo
750 965 905 1047 septimus
925 964 993 1030 dies
1012 963 1113 1028 eidem
1134 967 1295 1030 creaturae
1315 966 1420 1049 coepit

267 1092 412 1150 amane,
438 1073 495 1138 sed
517 1073 606 1137 nullo
630 1091 762 1155 uespere
785 1072 984 1136 terminatur.
1449 1095 1462 1134 o

313 1179 398 1243 Nam
422 1179 450 1244 si
474 1180 505 1243 in
526 1178 640 1244 ceteris
662 1179 773 1244 diebus
792 1197 927 1261 uespera
946 1183 978 1244 et
995 1197 1088 1244 mane
1107 1178 1220 1244 talium
1238 1181 1417 1262 tempomm

268 1286 358 1350 uices
387 1284 579 1369 significant,
610 1285 717 1368 qualis
744 1304 828 1351 nunc
855 1304 912 1368 per
939 1287 1017 1351 baec
1045 1286 1204 1352 cotidiana
1227 1287 1330 1370 spatia
1350 1307 1418 1370 per-

272 1395 427 1477 aguntur,
466 1411 529 1457 non
566 1392 675 1470 uideo,
714 1393 791 1475 quid
828 1392 1027 1477 prohibuerit
1058 1397 1091 1458 et
1126 1393 1297 1476 septimum
1336 1394 1418 1460 diem

269 1519 406 1583 uespera
437 1502 627 1582 noctemque
661 1500 804 1565 eiusdem
836 1520 928 1564 nrane
961 1500 1163 1578 concludere,
1200 1503 1239 1565 ut
1273 1499 1421 1565 similiter

270 1606 447 1671 diceretur:
486 1608 520 1669 et
549 1605 636 1670 iacta
668 1609 718 1671 est
749 1623 892 1688 uespera,
927 1609 959 1670 et
990 1605 1110 1670 factum
1144 1609 1195 1670 est
1225 1625 1316 1670 mane
1348 1606 1416 1672 dies
1439 1632 1466 1670 ro

267 1713 438 1797 septimus,
463 1713 722 1796 quandoquidem
746 1717 779 1778 et
801 1714 869 1796 ipse
893 1733 976 1778 unus
1000 1711 1205 1792 aridiorem,
1231 1713 1285 1796 qui
1308 1734 1417 1779 omnes

269 1824 394 1903 septem
418 1824 503 1899 sunt,
534 1841 669 1905 quornm
697 1820 885 1904 repetitione
913 1839 1039 1885 menses
1069 1824 1101 1884 et
1128 1821 1202 1884 anni
1230 1824 1262 1885 et
1290 1824 1418 1888 saecule

269 1930 476 2010 peraguntur,
500 1930 538 1992 ut
559 1946 662 2005 mane,
686 1926 770 2009 quod
792 1929 963 2009 poneretur
984 1929 1059 2010 post
1085 1946 1250 2010 uesperam
1279 1929 1417 2012 septimi,

273 2035 335 2099 boc
358 2037 445 2098 esset
466 2033 594 2098 initium
618 2032 725 2098 octoni
748 2033 822 2111 diei,
848 2033 886 2098 de
910 2034 1059 2116 quoiam
1083 2033 1232 2116 deinceps
1260 2035 1416 2100 silendum

269 2140 342 2217 fuit,
367 2140 442 2222 quia
468 2139 554 2204 idem
582 2140 704 2222 primus
733 2143 791 2214 est,
822 2139 862 2203 ad
890 2159 984 2221 quem
1010 2139 1142 2217 reditur,
1171 2159 1188 2203 a
1216 2159 1278 2222 quo
1305 2161 1416 2207 rursus
1433 2155 1459 2196 ¹⁵

270 2245 481 2311 hebdomadis
505 2246 603 2312 series
628 2247 778 2311 ordiatur.
803 2246 887 2310 unde
905 2246 1102 2328 probabilius
1122 2250 1173 2312 est
1188 2247 1269 2314 istos
1288 2249 1417 2332 quidem

272 2357 396 2437 septem
425 2353 494 2418 dies
520 2354 649 2419 illorum
677 2355 859 2419 nominibus
888 2357 921 2418 et
947 2372 1078 2418 numero
1107 2354 1187 2419 alios
1214 2359 1308 2438 atque
1336 2356 1415 2420 alios

271 2461 402 2527 sibimet
425 2460 633 2527 succedentes
657 2461 809 2527 currendo
833 2461 1021 2543 temporalia
1043 2480 1193 2546 peragere
1212 2463 1323 2544 spatia,
1341 2463 1416 2528 illos

269 2573 378 2633 autem
400 2570 521 2651 primos
545 2588 599 2635 sex
623 2568 691 2633 dies
715 2569 876 2653 inexperta
899 2569 989 2634 nobis
1013 2572 1108 2651 atque
1130 2569 1283 2635 inusitata
1310 2572 1416 2653 specie

267 2675 299 2739 in
323 2676 404 2759 ipsis
429 2695 535 2740 rerum
560 2676 796 2741 conditionibus
826 2676 1009 2759 explicatos,
1034 2676 1066 2739 in
1090 2675 1207 2757 quibus
1230 2679 1263 2740 et
1284 2696 1417 2760 uespera
1435 2688 1463 2727 ²⁰

267 2784 301 2846 et
323 2801 415 2846 mane
439 2781 524 2847 sicut
546 2782 618 2865 ipsa
640 2783 693 2846 lux
718 2784 751 2847 et
772 2784 931 2859 tenebrae,
959 2783 993 2848 id
1022 2786 1072 2847 est
1099 2782 1167 2847 dies
1196 2784 1229 2847 et
1254 2800 1324 2857 nox,
1352 2803 1414 2848 non

268 2906 338 2951 eam
363 2888 622 2954 uicissitudinem
645 2889 870 2972 praebuemnt‚
891 2909 985 2972 qnam
1008 2889 1161 2972 praebent
1182 2888 1238 2953 isti
1259 2909 1317 2972 per
1338 2889 1415 2955 solis

268 2994 442 3060 circuitus:
471 2995 557 3079 quod
585 2998 669 3061 certe
694 2996 733 3061 de
756 2996 822 3060 illis
847 2997 949 3061 tribus
971 2996 1064 3061 fateri
1087 2996 1241 3080 cogimur,
1265 2998 1319 3078 qni
1343 2998 1415 3060 ante

266 3101 396 3167 condita
419 3102 587 3167 luminaria
610 3103 850 3169 commemorati
873 3106 968 3185 atque
991 3104 1148 3169 numerati
1170 3105 1254 3169 aunt.

311 3208 358 3273 Ac
391 3228 448 3292 per
474 3210 535 3275 hoc
563 3210 807 3293 qualiscumque
833 3210 865 3275 in
895 3211 941 3276 eis
968 3230 1104 3294 uespera
1131 3214 1163 3275 et
1189 3228 1281 3275 mane
1308 3208 1415 3286 fuerit,
1434 3221 1462 3261 2⁵

268 3315 356 3380 nullo
381 3315 476 3381 modo
500 3318 607 3381 tamen
632 3316 826 3400 opinandum
850 3320 900 3383 est
923 3337 960 3382 eo
988 3336 1090 3391 mane,
1120 3316 1206 3401 quod
1232 3317 1308 3401 post
1334 3316 1415 3381 sexti

265 3420 331 3486 diei
354 3440 520 3505 uesperam
542 3422 665 3486 factum
694 3425 754 3501 est,
782 3422 910 3487 initium
938 3423 1100 3505 accepisse
1127 3422 1269 3504 requiem
1297 3422 1347 3487 dei
1370 3460 1414 3467 -

265 3548 307 3593 ne
325 3530 498 3610 temporale
521 3528 651 3611 aliquod
673 3529 793 3594 bonum
816 3529 865 3593 illi
889 3528 1069 3595 aeternitati
1092 3530 1125 3593 et
1146 3528 1414 3593 incommutabili-

303 3718 389 3771 2deo
408 3718 579 3774 E¹R¹deib
625 3720 711 3773 3neo
731 3723 756 3787 (c
775 3736 797 3773 e.
818 3720 834 3773 l.
856 3737 890 3773 m.
910 3724 934 3785 1,
952 3721 978 3773 P
1046 3721 1138 3774 autem
1158 3718 1248 3775 oms
1288 3718 1413 3773 teroem

266 3808 305 3874 (ei
322 3824 357 3860 m.
376 3808 394 3859 2
411 3808 443 3860 ia
460 3810 528 3873 aas.)
544 3806 572 3861 R
627 3808 643 3859 7
662 3808 820 3877 significant
840 3812 867 3875 (n
881 3810 930 3877 pin.
944 3826 966 3863 s.
980 3810 998 3863 l.
1012 3826 1047 3863 m.
1063 3810 1088 3877 l)
1103 3808 1133 3862 Ε
1202 3807 1353 3863 cottidiana
1364 3806 1416 3862 Es

265 3894 530 3963 catecumenos
566 3897 600 3951 10
610 3894 722 3967 iactum]
732 3896 821 3951 iactns
830 3896 869 3953 Ε1
923 3896 1173 3953 factumestom.S
1223 3896 1412 3952 ιιιιιιοοιιιλί1

267 3984 299 4036 11
324 3999 385 4036 cum
409 3982 625 4053 quandoquidem
650 4000 710 4053 cap.
729 3982 793 4037 xvl
810 3984 841 4038 Ε
893 3986 927 4040 12
945 3986 1135 4057 repetitionem
1156 3986 1193 4056 (nr
1212 4002 1271 4054 exp.
1289 4001 1324 4039 m.
1346 3986 1371 4051 1)
1392 3984 1416 4040 S

268 4107 301 4161 13
320 4108 364 4177 ut]
383 4112 411 4161 et
427 4106 468 4163 E¹
557 4124 671 4179 uespera
687 4109 728 4163 E¹
819 4112 852 4165 14
871 4113 944 4164 esset
960 4110 1000 4164 E¹
1085 4088 1220 4164 ridendum
1240 4088 1367 4180 deinceps
1384 4110 1416 4164 Ε

268 4197 301 4249 15
319 4195 443 4259 redditur
460 4196 491 4251 E
561 4198 594 4250 16
618 4195 776 4251 ebdomadis
793 4198 901 4254 EPRS
988 4198 1170 4253 ordinaturS
1239 4198 1275 4253 20
1296 4198 1413 4253 conditi-

265 4283 419 4337 onibusE¹
473 4284 508 4339 22
527 4302 559 4339 ea
576 4285 766 4340 uicissitudine
780 4286 820 4341 Ει
876 4287 910 4341 23
929 4286 1088 4342 oncaitusc
1142 4288 1178 4341 26
1196 4290 1287 4341 tamen
1301 4286 1413 4342 mcdob

265 4371 301 4426 28
319 4371 465 4442 aliquidS
