3159 4950
281 477 324 540 38
622 475 648 528 S.
678 475 817 528 Aureli
845 475 1066 544 Augustini

325 667 523 751 Quamquam
547 669 651 752 possit
674 668 776 733 uideri
799 689 861 735 uon
884 669 1026 752 inpedire
1050 670 1178 752 propria
1204 669 1344 751 pondera
1367 670 1428 733 ele-

280 778 471 852 mentorum,
496 775 654 859 quomodo
675 776 770 840 etiam
791 796 886 860 super
904 777 986 841 illud
1005 777 1143 844 sublime
1163 778 1287 841 caelum
1304 776 1432 859 possint

282 902 352 948 esse
386 901 486 965 aquae
518 902 575 964 per
607 882 680 947 illas
712 883 880 962 minutias,
913 903 970 966 per
1002 903 1080 966 quas
1114 884 1210 949 etiam
1242 903 1338 966 super
1368 883 1431 948 hoc

279 990 420 1073 spatium
443 991 525 1054 aeris
550 1009 621 1056 esse
644 993 827 1073 potuerunt.
858 991 913 1073 qui
941 991 1088 1073 quamuis
1107 991 1234 1075 grauior
1251 993 1285 1054 et
1300 989 1432 1054 inferior

280 1113 404 1160 summo
440 1097 527 1162 caelo
562 1097 738 1174 subiaceat,
772 1098 885 1180 procul
917 1097 1013 1161 dubio
1046 1097 1150 1162 leuior
1182 1099 1230 1162 est
1262 1096 1363 1179 aquis,
1397 1099 1431 1160 et
1468 1121 1483 1158 s

278 1205 395 1281 tamen,
424 1206 462 1268 ut
489 1221 585 1286 super
614 1222 688 1267 eum
717 1203 782 1267 sint
810 1222 945 1286 uapores
976 1203 1036 1282 illi,
1069 1204 1157 1268 nullo
1189 1203 1328 1286 pondere
1359 1221 1431 1285 pro·

279 1309 438 1376 hibentur.
472 1309 519 1374 sic
544 1329 618 1394 ergo
643 1313 676 1374 et
699 1329 795 1393 super
818 1310 900 1374 illud
923 1311 1049 1375 caelum
1071 1313 1178 1393 potest
1205 1309 1431 1374 minutioribus

280 1415 383 1500 guttis
406 1415 509 1481 leuior
536 1416 657 1481 halitus
691 1417 812 1482 umoris
846 1417 980 1491 extendi,
1005 1417 1060 1499 qui
1078 1417 1217 1500 pondere
1237 1415 1348 1481 cadere
1367 1434 1432 1480 non

279 1525 422 1607 cogatur.
462 1522 525 1605 ipsi
554 1523 671 1605 quippo
700 1523 914 1588 subtilissima
941 1522 1062 1588 ratione
1089 1522 1283 1607 persuadent
1305 1523 1432 1586 nullum

281 1648 352 1694 esse
376 1629 553 1711 quamlibet
577 1629 727 1712 exiguum
750 1629 986 1712 corpusculum,
1008 1629 1041 1693 iu
1066 1649 1128 1711 quo
1152 1629 1268 1693 diuisio
1290 1628 1429 1694 finietur.
1455 1661 1484 1695 1⁰

280 1737 337 1801 aed
369 1737 490 1800 infinite
525 1736 630 1799 omniu
662 1735 773 1814 diuidi,
808 1737 882 1818 quia
914 1737 1017 1801 omnis
1044 1754 1117 1820 pars
1146 1736 1285 1819 corporis
1314 1756 1432 1817 corpus

280 1845 340 1920 est,
365 1845 398 1906 et
422 1861 514 1906 omno
539 1861 653 1923 corpus
678 1843 795 1906 habeat
817 1861 948 1907 necesse
971 1846 1022 1907 est
1044 1843 1213 1906 dimidium
1242 1842 1433 1925 quantitatis

280 1967 366 2014 suae.
406 1967 443 2012 ac
471 1967 526 2030 per
553 1949 614 2014 hoc
643 1949 671 2012 si
698 1953 808 2032 potest
835 1967 927 2030 aqua,
956 1950 1042 2012 sicut
1068 1949 1229 2025 uidemus,
1257 1947 1296 2012 ad
1322 1951 1433 2011 tantas

280 2058 443 2139 guttarum
471 2055 624 2119 minutias
652 2055 827 2139 peruenire,
855 2058 894 2120 ut
920 2055 1142 2139 superlatum
1170 2074 1274 2118 aerem
1299 2073 1432 2136 uapora·

281 2161 355 2225 liter
383 2161 511 2236 feratur,
541 2161 595 2243 qui
623 2164 736 2225 natura
764 2163 867 2227 leuior
895 2165 946 2226 est
973 2162 1073 2245 aquis,
1099 2181 1155 2226 cur
1180 2181 1244 2226 non
1271 2161 1374 2244 possit
1398 2165 1434 2225 et
1456 2183 1483 2220 ra

282 2286 378 2350 super
410 2267 490 2331 illud
521 2267 626 2332 leuius
661 2270 785 2334 caelum
812 2268 1037 2334 minutioribus
1066 2269 1168 2353 guttis
1197 2271 1229 2332 et
1254 2267 1434 2333 leuioribus

279 2375 439 2438 inmanere
463 2374 662 2456 uaporibus?

326 2486 356 2548 5.
398 2479 532 2560 Quidam
572 2483 668 2547 etiam
701 2485 801 2547 nostri
832 2482 914 2549 istos
947 2487 1099 2569 negantes
1132 2487 1259 2566 propter
1289 2480 1433 2563 pondera

282 2590 511 2653 elementorum
544 2608 641 2671 aquas
676 2609 746 2654 esse
779 2610 874 2672 posse
907 2611 1003 2674 super
1036 2592 1158 2656 caelum
1202 2589 1360 2653 sidereum
1388 2587 1432 2651 de

278 2696 420 2777 ipsorum
436 2694 576 2759 siderum
592 2697 800 2777 qualitatibus
817 2701 849 2762 et
861 2699 1021 2762 meatibus
1037 2698 1224 2763 conuiuoere
1242 2694 1430 2759 moliuntur.
1453 2718 1481 2754 ao
1560 2771 1561 2788 ἵ

277 2801 362 2865 idem
386 2820 523 2883 namque
547 2802 699 2866 adserunt
721 2804 858 2881 stellam,
883 2824 978 2886 quarn
1002 2803 1131 2869 Saturni
1155 2801 1326 2885 appellant,
1357 2818 1431 2865 csse

279 2908 520 2991 frigidissimam
545 2927 677 2991 eamque
701 2928 757 2991 per
780 2930 878 2975 annos
906 2911 1037 2995 triginta
1065 2909 1251 2993 signiferum
1278 2926 1430 2991 peragere

280 3014 435 3079 circulum
469 3033 520 3091 eo,
554 3015 638 3097 quod
671 3016 834 3097 superiore
867 3036 903 3081 ac
934 3036 991 3099 per
1022 3018 1083 3081 hoc
1115 3015 1267 3096 ampliore
1304 3013 1431 3078 ambitu

281 3121 434 3204 graditur.
472 3140 544 3185 narn
574 3122 622 3186 sol
651 3124 785 3187 eundern
815 3124 970 3188 circulum
998 3144 1054 3207 per
1083 3142 1199 3187 annum
1231 3122 1368 3203 conplet.
1396 3124 1432 3183 et

277 3228 354 3289 luna
381 3245 437 3307 per
459 3244 602 3290 mensem
626 3230 729 3306 tauto,
759 3230 797 3291 ut
825 3228 949 3306 dicunt,
978 3227 1108 3293 breuius
1138 3229 1254 3309 quanto
1283 3225 1429 3302 iuferius,
1450 3251 1479 3288 as

279 3336 317 3396 ut
346 3332 449 3415 spatio
478 3332 541 3397 loci
570 3334 709 3416 spatium
742 3334 895 3416 temporis
925 3339 1089 3418 congruat.
1128 3333 1290 3416 quaeritur
1322 3332 1430 3413 itaque

281 3439 318 3503 ab
345 3439 402 3515 eis,
426 3438 510 3503 unde
533 3440 590 3503 illa
613 3440 708 3504 stella
732 3441 775 3506 sit
797 3441 923 3525 frigida,
948 3460 1028 3524 quae
1052 3444 1140 3506 tanto
1170 3438 1330 3503 ardentior
1357 3456 1429 3502 esse

280 3545 418 3621 deberet,
448 3548 566 3626 quanto
596 3546 781 3612 sublimiore
811 3548 899 3613 caclo
926 3548 1057 3631 rapitur.
1095 3566 1168 3611 uam
1196 3543 1429 3629 proculdubio

281 3670 354 3715 curn
369 3650 506 3715 rotunda
524 3652 625 3717 moles
646 3653 791 3718 circulari
810 3656 900 3718 motu
920 3654 1035 3738 agitur,
1050 3654 1200 3717 interiora
1219 3652 1288 3716 eius
1306 3650 1428 3715 tardius
1558 3729 1559 3732 Ἴ

280 3760 366 3835 eunt,
392 3758 545 3823 exteriora
569 3760 713 3836 celerius,
738 3766 775 3825 ut
797 3761 918 3825 maiora
941 3761 1045 3844 spatia
1068 3780 1140 3825 curn
1164 3757 1364 3823 breuioribus
1388 3756 1427 3819 ad
1452 3783 1480 3821 ao
1558 3795 1559 3824 r

314 3947 496 4017 lquornodo]
516 3948 699 4017 quominusd
760 3949 869 4017 deum]
887 3948 973 4003 illul>
1038 3947 1150 4001 lillum
1168 3946 1208 4001 Ε1
1267 3947 1432 4003 8alitusS

277 4034 387 4089 habitus
405 4034 484 4089 E¹P¹
557 4036 676 4089 humoris
694 4034 797 4090 E²de
845 4034 981 4106 9ipseS
1034 4036 1065 4089 ll
1084 4036 1207 4089 infinitae
1226 4035 1275 4091 SR
1325 4037 1358 4089 17
1377 4037 1427 4089 irn-

278 4123 439 4179 manereE¹
496 4124 527 4177 18
535 4129 601 4193 post
614 4127 724 4195 propter
736 4125 789 4177 inc.
805 4141 866 4192 cap.
882 4124 964 4177 VlE
1018 4124 1049 4177 19
1062 4140 1142 4193 posse
1155 4124 1246 4178 om.R
1319 4123 1428 4193 sydere-

278 4210 366 4265 nmS
417 4211 450 4265 21
471 4210 593 4265 iidemd
644 4212 679 4265 22
698 4210 876 4281 frigidissima
893 4212 934 4266 Ε1
1007 4211 1097 4265 ·XXX·
1116 4211 1144 4266 R
1199 4210 1234 4265 23
1252 4212 1375 4281 superior
1387 4212 1430 4268 Sd

277 4300 312 4354 26
332 4300 494 4371 spaciumS
563 4301 599 4355 28
618 4300 760 4355 sublimior
779 4300 912 4355 ecaeloS
976 4302 1011 4355 29
1029 4300 1148 4355 rotunda
1166 4302 1191 4369 (o
1212 4316 1245 4354 ex
1263 4319 1281 4355 u
1298 4317 1333 4355 m.
1356 4302 1380 4369 1)
1400 4302 1432 4357 E

279 4391 356 4441 mutu
373 4388 413 4442 13¹
468 4390 503 4443 3o
516 4395 581 4458 post
601 4390 731 4443 extoriora
751 4390 816 4445 add.
837 4391 895 4445 eius
912 4392 985 4445 inS
1056 4390 1189 4460 spaciaS
