3159 4950
448 452 491 506 de
519 451 667 507 Genesi
695 453 738 507 ad
765 453 948 508 litteram
976 454 1042 508 lib.
1072 454 1103 508 V.
1290 459 1349 521 151

208 648 359 726 quattuor
384 665 500 730 magna
527 647 658 712 fiumina
686 653 719 712 et
745 652 821 714 nota
848 648 998 732 gentibus
1026 669 1153 714 manare
1181 653 1354 716 narrantur.

207 752 262 816 ubi
290 771 365 836 ergo
394 757 461 818 erat
487 753 550 818 iste
577 755 648 819 fons
677 761 734 819 aut
760 755 824 819 ista
851 755 992 833 flumina,
1027 757 1151 838 quando
1184 757 1238 821 ille
1271 776 1355 822 unus

208 858 362 924 maximus
395 859 586 924 ascendebat
622 859 661 925 de
697 864 781 924 terra
819 863 851 925 et
885 859 1044 944 irrigabat
1080 880 1205 926 omnem
1241 862 1355 927 faciem

208 968 328 1029 terrae?
357 976 441 1030 certe
470 966 553 1031 enim
582 969 659 1032 tuno
686 986 748 1031 non
779 967 878 1044 Goon,
908 968 962 1049 qui
992 967 1108 1031 dicitur
1134 968 1238 1045 Nilus,
1271 987 1354 1034 unns

175 1093 243 1136 sor
264 1072 329 1136 illis
358 1076 518 1155 quattuor,
544 1073 669 1158 rigabat
690 1074 882 1158 Aegyptum,
908 1074 1032 1155 quando
1060 1073 1131 1140 fons
1160 1074 1351 1140 ascendebat

207 1179 244 1243 de
268 1181 350 1243 terra
377 1183 410 1244 et
436 1199 498 1245 non
520 1179 702 1265 Aegyptum
725 1183 860 1257 tantum,
886 1179 941 1245 sed
966 1199 1091 1246 omnem
1114 1180 1228 1246 faciem
1252 1185 1353 1245 terras

207 1285 352 1351 satiabat.

250 1394 300 1457 An
322 1394 424 1475 primo
449 1393 544 1458 doum
567 1393 710 1459 uoluisse
735 1394 927 1459 credendum
952 1397 1001 1458 est
1024 1413 1086 1458 uno
1111 1393 1197 1458 fonte
1217 1393 1353 1458 marimo

206 1500 341 1584 inrigare
370 1519 496 1565 omnem
524 1503 650 1576 terram,
674 1503 712 1564 ut
735 1519 781 1573 ea,
807 1519 886 1582 quae
909 1501 941 1564 in
964 1501 1021 1565 illa
1044 1501 1259 1584 principaliter
1282 1519 1353 1565 con-

164 1633 190 1672 ιο
208 1603 337 1671 diderat.
376 1609 505 1689 accepto
543 1605 685 1670 humoris
723 1606 879 1670 adiutorio
916 1605 980 1670 iam
1014 1606 1109 1670 etiam
1147 1625 1202 1689 per
1233 1609 1354 1689 tempo·

207 1711 283 1775 ralia
319 1712 422 1794 spatia
462 1713 667 1796 gignerentur
706 1732 761 1796 pro
806 1733 936 1777 snorum
974 1732 1125 1796 generum
1167 1712 1353 1777 diuersitate

208 1818 301 1881 etiam
330 1818 466 1884 diuersis
495 1819 635 1883 numeris
663 1818 797 1894 dierum,
826 1823 859 1883 st
890 1823 1001 1902 postea
1033 1820 1174 1902 plantato
1207 1818 1352 1901 paradiso

206 1926 395 2006 repressisse
424 1925 516 1989 illum
543 1926 665 1990 fontem
692 1925 868 2008 multisque
891 1924 1044 1999 fontibus,
1070 1927 1155 1990 sicut
1178 1945 1248 1992 eam
1270 1945 1353 1990 nuno

206 2031 362 2109 uidemus,
395 2032 568 2114 inpleuisse
606 2035 731 2107 terram,
770 2031 808 2095 de
846 2031 984 2113 paradisi
1021 2035 1128 2096 autem
1165 2051 1227 2096 uno
1265 2033 1353 2096 fonte

161 2166 188 2205 ιε
206 2142 356 2221 quattuor
382 2139 524 2223 ingentia
550 2138 681 2202 fiumina
709 2137 869 2215 diuisisse,
898 2141 935 2202 ut
963 2141 996 2202 ct
1022 2141 1105 2204 terra
1133 2142 1238 2203 cetera
1266 2157 1348 2203 crea-

204 2254 346 2310 turarum
373 2265 502 2310 suarum
530 2248 623 2328 plena
649 2245 817 2329 generibus
846 2265 1001 2330 congruos
1040 2263 1187 2310 numeros
1221 2265 1350 2310 suorum

205 2356 383 2434 temporum
407 2354 575 2436 agentibus
598 2352 702 2418 fontes
726 2354 823 2416 etiam
852 2371 928 2416 snos
956 2351 1146 2416 haberetne
1174 2351 1290 2417 fluuios
1321 2355 1353 2416 et

204 2460 370 2541 paradisus
402 2461 473 2527 loco
507 2460 656 2526 electiore
688 2459 851 2543 plantatus
884 2461 1035 2543 quattuor
1066 2459 1120 2523 illa
1153 2459 1284 2524 fiumina
1316 2479 1353 2523 er

207 2568 309 2649 capite
342 2569 393 2633 sui
424 2569 521 2633 fontis
555 2568 735 2633 emitteret?
768 2570 825 2632 aut
852 2586 888 2631 er
915 2566 986 2649 ipso
1015 2586 1077 2631 nno
1102 2567 1188 2631 fonte
1212 2566 1352 2650 paradisi

160 2702 188 2741 so
207 2674 307 2739 multo
331 2674 452 2759 largius
476 2675 652 2739 exundante
674 2674 762 2755 prius
786 2677 888 2739 totam
911 2674 1032 2758 rigasse
1055 2677 1170 2739 terram
1193 2678 1288 2756 atque
1312 2672 1353 2737 ad

205 2780 353 2863 parienda
374 2801 430 2864 per
451 2784 630 2863 temporum
653 2800 801 2846 numeros
821 2799 945 2864 genera,
966 2782 1096 2863 quaein
1117 2800 1153 2845 ea
1172 2780 1240 2845 sino
1257 2780 1351 2844 inter-

205 2888 300 2953 uallis
328 2892 507 2970 temporum
536 2892 710 2964 emanarat,
739 2888 927 2953 fecundasse
957 2907 992 2951 ac
1020 2891 1131 2970 postea
1161 2887 1352 2971 repressisse

205 2994 236 3057 in
264 3014 300 3061 eo
328 2996 398 3059 loco
426 3014 578 3077 aquarum
606 2995 804 3078 eruptionem
832 2996 1060 3075 uastissimam,
1088 2998 1126 3059 nt
1153 2994 1192 3059 do
1217 2993 1352 3059 diuersis

204 3121 259 3184 per
273 3121 397 3167 omnem
410 3107 525 3167 terram
541 3102 699 3185 capitibus
714 3101 881 3165 fluminum
896 3120 933 3167 ac
946 3101 1082 3166 fontium
1098 3102 1161 3166 iam
1177 3104 1350 3179 manarent,

160 3234 189 3274 ss
205 3228 241 3274 ac
264 3207 378 3272 deinde
400 3208 432 3272 in
455 3208 583 3292 regions
611 3208 700 3272 illius
728 3206 826 3271 fontis
855 3226 916 3271 non
941 3208 1005 3271 iam
1028 3208 1211 3273 uniuersam
1235 3212 1351 3272 terram

205 3314 347 3400 rigantis,
376 3315 432 3379 sed
459 3315 682 3379 memorabiles
710 3316 862 3398 quattuor
890 3315 976 3379 solos
1008 3314 1081 3379 illos
1114 3314 1231 3379 fluuios
1261 3314 1351 3378 emit-

241 3544 253 3595 1
275 3557 384 3594 manere
402 3539 440 3593 P¹
529 3540 545 3592 2
564 3539 625 3592 fons
643 3538 696 3591 iste
715 3537 807 3592 Pacu
914 3538 959 3591 ille
982 3552 1070 3607 supro
1094 3540 1145 3592 iste
1170 3555 1220 3593 scr.
1240 3556 1274 3592 m.
1294 3543 1309 3591 1
1328 3538 1351 3593 S

206 3628 422 3685 betomnemS
470 3627 664 3683 isaciabatR
718 3625 923 3697 9inrigare1d¹
941 3626 1067 3697 rigaroS
1136 3628 1178 3696 ea]
1197 3626 1352 3681 illaPRbd

205 3718 232 3771 in
251 3718 346 3773 omri*
433 3718 493 3787 illa]
513 3734 545 3772 ea
562 3716 655 3771 PRbd
672 3733 722 3771 om.
743 3716 766 3771 S
849 3722 915 3786 post
936 3716 1123 3786 principaliter
1146 3716 1210 3771 add.
1231 3716 1259 3769 in
1279 3732 1310 3769 eo
1331 3717 1354 3771 S

207 3807 238 3860 11
258 3807 350 3876 spacia
366 3807 395 3861 R
460 3806 694 3875 mpetratum
715 3805 780 3861 add.
801 3805 1013 3875 gignerentnrb
1078 3806 1110 3859 13
1129 3806 1304 3875 repraossisse
1323 3804 1351 3859 R

205 3895 338 3965 lontibus]
357 3895 418 3949 aliis
437 3894 559 3948 lontibus
578 3894 594 3948 b
667 3895 737 3963 earn]
758 3910 790 3947 es
808 3894 848 3947 E¹
866 3895 921 3947 iarn
940 3892 977 3947 bd
1041 3893 1074 3947 14
1092 3910 1145 3947 nno
1165 3909 1216 3948 om.
1236 3894 1270 3960 P,
1289 3910 1309 3948 s.
1331 3895 1349 3947 l.

204 4000 239 4036 m.
258 3984 273 4037 1
292 3983 320 4038 R
388 3985 421 4037 16
441 3983 585 4053 generibus
604 3982 726 4054 plenaS
792 3984 824 4037 17
845 3982 933 4037 sontes
954 3988 977 4051 (s
995 3998 1054 4051 sup.
1075 3998 1111 4036 er.
1131 3998 1157 4035 rn
1177 3999 1203 4037 α.
1222 3998 1256 4036 m.
1278 3983 1303 4051 1)
1323 3983 1351 4037 It

207 4100 240 4153 18
259 4098 398 4168 electiore]
416 4064 523 4153 elsstiori
542 4102 622 4167 (am.
643 4102 657 4151 1
679 4098 800 4165 addid*
862 4100 894 4153 19
913 4099 1003 4153 fontes
1021 4097 1061 4152 E¹
1133 4100 1181 4153 aut
1197 4098 1229 4152 s'oe
1246 4114 1304 4152 ras.
1322 4098 1350 4153 R

205 4188 239 4241 20
258 4188 418 4258 rigassetE
433 4188 561 4258 irrigasse
576 4188 614 4241 bd
685 4187 773 4257 adque
786 4186 860 4243 E¹s¹
915 4188 946 4240 21
968 4187 1168 4257 pariendamE
1183 4186 1353 4257 pariandaP

205 4276 369 4347 temporari
443 4276 478 4331 23
498 4275 659 4331 eoom.E¹
735 4277 883 4331 24iams.
903 4276 921 4331 l.
940 4293 974 4329 m.
995 4274 1052 4331 IS
1126 4276 1348 4345 reintegrare]

205 4366 363 4436 irrigatione
383 4367 399 4420 b
454 4366 489 4421 26
507 4367 580 4421 solos
599 4365 661 4420 illos
681 4368 810 4435 quattuor
827 4365 943 4422 PRde
1014 4366 1170 4420 emittentes
1189 4363 1241 4421 ES
