3159 4950
452 454 494 508 de
523 426 666 510 Genesi
694 455 738 510 ad
766 455 949 509 litteram
978 455 1042 509 lib.
1072 455 1103 510 V.
1284 458 1347 522 149

201 649 311 730 pluuia
334 654 365 713 et
388 651 456 716 sine
480 671 573 734 opere
596 652 745 716 humano.
769 671 842 715 nam
865 652 961 716 etiam
986 671 1067 716 nuno
1089 651 1158 734 ipse
1181 651 1268 729 facit,
1293 650 1349 716 sed

202 756 264 819 iam
287 775 343 839 per
365 757 508 840 pluuium
529 761 561 822 et
578 779 636 843 per
656 758 818 823 homiuum
834 777 956 829 manus,
973 758 1119 840 quamuis
1143 777 1261 840 nequa
1286 758 1349 840 qui

201 863 350 946 plantat
383 868 441 929 est
474 866 620 948 aliquid
653 886 771 949 neque
805 867 867 948 qui
899 867 1009 948 rigat,
1044 865 1109 930 sed
1138 865 1200 948 qui
1233 865 1348 930 inore-

202 975 366 1037 mentum
391 974 464 1050 dat,
490 975 592 1040 deus.

169 1099 183 1136 ⁵
246 1078 329 1158 Quid
358 1085 409 1146 est
436 1101 520 1166 ergo,
550 1083 634 1165 quod
662 1083 823 1166 adiungit:
852 1083 936 1147 fons
965 1087 1089 1146 autern
1119 1067 1350 1146 ascendebat

202 1185 243 1250 de
267 1190 367 1251 terra
390 1191 427 1252 et
449 1190 640 1273 irrigabat
665 1206 807 1254 omnem
831 1190 967 1254 faeiem
991 1193 1134 1253 terrae?
1157 1189 1212 1252 ille
1233 1189 1349 1271 quippe
1394 1245 1395 1250 ,

201 1292 269 1358 sons
296 1298 386 1358 tanta
413 1297 563 1379 largitate
590 1315 721 1360 manans
750 1296 835 1360 sieut
857 1295 950 1360 Nilus
974 1295 1119 1379 Aegypto
1143 1299 1254 1378 posset
1281 1295 1349 1359 uni-

200 1419 310 1464 uersae
342 1407 443 1466 terrae
476 1421 546 1467 esse
579 1422 635 1485 pro
666 1404 787 1486 pluuia.
814 1403 890 1484 quid
913 1403 1020 1484 itaque
1049 1421 1104 1485 pro
1133 1421 1248 1485 magno
1278 1421 1349 1466 eon-

200 1507 382 1572 mendatum
406 1512 465 1591 est,
490 1513 660 1592 antequam
683 1510 816 1592 plueret,
837 1509 952 1574 iecisse
977 1509 1072 1573 deum
1096 1509 1153 1574 illa
1176 1509 1347 1592 gignentia,

155 1632 181 1670 ιο
201 1632 272 1677 eum
299 1618 425 1680 tantum
451 1619 562 1699 posset
590 1617 741 1680 adiuuare
769 1616 891 1698 pluuia,
921 1620 1075 1698 quantum
1109 1615 1179 1680 sons
1209 1615 1348 1699 inrigans

201 1722 336 1789 terram?
359 1742 471 1786 uerum
496 1727 529 1786 et
552 1724 578 1788 si
603 1723 724 1804 aliquid
747 1722 864 1799 minus,
893 1722 1014 1786 minora
1037 1721 1094 1784 illa
1116 1721 1262 1796 fortasse,
1286 1738 1348 1785 non

201 1831 303 1916 tamen
336 1829 425 1893 nulla
456 1829 831 1894 nasoe1·entu1·.anhino
861 1829 957 1892 etiam
986 1847 1072 1892 more
1102 1847 1159 1892 suo
1193 1827 1349 1910 scriptura

200 1932 362 2017 tamquam
389 1936 522 1999 infirmis
550 1935 718 2000 infirmiter
739 1935 881 2018 loquitur
906 1939 1065 1999 ettamen
1088 1934 1194 1998 innuit
1216 1933 1348 2015 aliquid,

202 2041 284 2120 quod
316 2042 484 2126 intellegat
516 2043 571 2124 qui
603 2042 761 2108 uoluerit?
793 2043 942 2106 nimirum
975 2041 1058 2106 enim
1092 2043 1177 2104 siout
1207 2041 1270 2104 isto
1299 2040 1349 2104 die

156 2165 182 2204 1⁵
200 2149 293 2228 paulo
318 2150 464 2230 superius
493 2153 739 2214 commemorato
768 2148 962 2233 significauit
989 2167 1087 2212 unum
1116 2148 1200 2212 diem
1228 2148 1348 2211 fantum

199 2271 218 2315 a
250 2253 307 2318 deo
341 2257 374 2318 et
405 2256 483 2319 tunc
515 2255 608 2320 derum
641 2256 757 2320 fecisse
785 2257 909 2320 caelum
933 2259 965 2319 et
988 2259 1113 2332 terram,
1143 2273 1215 2318 eum
1243 2253 1348 2316 faetus

201 2363 250 2423 est
281 2360 358 2437 dies,
393 2364 439 2439 ut,
473 2361 630 2444 quomodo
663 2380 842 2445 possemus,
877 2361 1089 2444 cogitaremus
1118 2360 1215 2424 simul
1243 2358 1350 2424 omnia

200 2466 293 2531 deum
316 2466 442 2547 senisse,
468 2469 614 2551 quamuis
639 2470 783 2553 superior
812 2488 865 2533 sex
894 2469 1016 2533 dierum
1040 2467 1233 2532 enumeratio
1257 2465 1349 2530 uelut

198 2578 378 2657 temporum
410 2576 579 2640 interualla
611 2576 791 2641 ostendisse
824 2575 996 2649 uideretur,
1024 2574 1080 2652 ita,
1111 2593 1182 2638 oum
1216 2573 1349 2637 dixisset

156 2700 183 2737 20
201 2699 272 2744 oum
297 2682 385 2745 eaelo
410 2685 443 2745 et
465 2684 549 2745 terra
572 2681 666 2745 deum
689 2682 806 2747 iecisse
830 2700 922 2745 omno
946 2678 1048 2743 uiride
1072 2680 1149 2763 agri,
1179 2681 1347 2761 antequam

200 2792 285 2853 esset
312 2808 408 2873 super
435 2792 560 2865 terram,
591 2792 623 2853 et
650 2808 743 2853 omne
770 2789 880 2853 fenum
909 2788 986 2872 agri,
1011 2788 1180 2869 antequam
1205 2788 1348 2849 exortum

200 2897 257 2971 est,
282 2894 418 2959 addidit:
446 2895 608 2960 nondum
638 2896 733 2959 enim
762 2896 915 2978 pluerat
943 2895 1034 2961 deus
1064 2896 1348 2975 superterram,

180 3018 266 3069 ¹neo
289 3004 369 3065 erat
391 3002 510 3080 homo,
531 3002 593 3084 qui
618 2987 840 3085 operaretur
862 3006 1010 3079 terram,
1030 3004 1192 3083 tamquam
1214 2999 1347 3063 diceret:

198 3124 259 3171 non
288 3126 326 3171 ea
353 3108 400 3172 sio
427 3108 505 3173 fecit
533 3108 622 3186 deus,
648 3108 917 3191 quemadmodum
944 3109 1022 3174 facit
1049 3127 1132 3172 nuno
1159 3106 1246 3183 talia,
1276 3123 1349 3169 oum

154 3232 181 3270 2⁵
199 3213 288 3294 pluit
311 3219 343 3279 at
371 3234 443 3279 oum
473 3217 642 3298 operantur
670 3216 825 3281 hominos.
855 3216 933 3281 haeo
961 3217 1044 3281 enim
1072 3216 1217 3295 iamper
1243 3228 1348 3275 moras

289 3421 417 3477 210012
437 3424 462 3488 3,
483 3425 508 3491 r⁸
553 3421 657 3477 oden.
676 3424 738 3487 ao

237 3546 249 3598 l
271 3549 300 3599 et
316 3562 338 3600 a.
359 3546 376 3599 l.
396 3564 430 3627 nr.
451 3548 463 3600 1
485 3547 514 3601 R
532 3563 583 3600 om¹
603 3547 668 3600 Pbd
751 3548 768 3599 3
788 3548 840 3616 est]
862 3546 899 3599 sit
918 3546 1032 3601 PRde
1117 3546 1133 3599 6
1152 3546 1289 3615 inrigabat
1307 3544 1347 3600 E¹

200 3662 358 3731 imanans]
376 3678 473 3715 manus
493 3628 642 3716 Smanms
661 3661 700 3718 R¹
773 3660 911 3733 egyptoS
962 3661 1114 3733 8pluiaR
1168 3662 1347 3731 9gignentia

201 3748 261 3814 (alt.
282 3766 340 3820 ge.
361 3751 379 3803 1.
398 3768 432 3803 m.
453 3751 479 3816 1)
500 3751 528 3803 Ε
581 3750 615 3803 10
634 3750 754 3819 tantum]
775 3752 907 3819 quantum
927 3749 964 3803 od
1053 3748 1183 3819 possitS
1271 3748 1349 3802 adiu-

199 3838 262 3891 bere
280 3837 320 3891 Ε1
394 3841 537 3909 qnantum]
555 3842 661 3893 tanturn
683 3838 719 3893 od
773 3842 805 3892 11
826 3840 914 3891 minor
931 3838 971 3893 E¹
1043 3854 1098 3891 non
1118 3840 1146 3905 (n
1165 3838 1213 3904 sin.
1233 3853 1255 3892 s.
1275 3836 1293 3892 l.
1311 3854 1345 3891 m.

200 3926 272 3994 ])R
328 3927 361 3980 12
379 3928 573 3982 nascenturE
625 3928 659 3981 16
679 3928 758 3981 deum
779 3932 811 3994 (a.
832 3928 849 3981 l.
869 3945 903 3981 m.
923 3928 939 3980 2
958 3928 987 3981 ai
1007 3927 1125 3991 demum)
1145 3927 1176 3981 E
1230 3927 1261 3980 17
1281 3942 1347 3995 quo-

176 4014 278 4080 modo
299 4017 392 4082 (mos.
413 4016 430 4071 l.
450 4033 485 4070 m.
507 4015 577 4083 1)S
646 4016 680 4070 18
699 4015 779 4069 deum
797 4032 818 4069 e.
840 4016 857 4069 1.
876 4034 910 4072 m.
931 4014 989 4070 IS
1060 4016 1093 4069 19
1113 4020 1180 4084 poet
1201 4013 1348 4068 interualla

197 4104 300 4158 remia.
318 4110 385 4158 auat
402 4104 469 4159 haee
486 4105 588 4159 uerba:
611 4107 653 4158 nis
678 4105 801 4175 superior
819 4120 864 4158 sex
883 4104 986 4158 dierum
1005 4105 1033 4159 R
1124 4104 1156 4157 21
1177 4104 1287 4157 foenum
1307 4102 1348 4157 Sd

198 4192 307 4246 faenum
326 4194 381 4249 PR
452 4195 487 4247 22
507 4202 591 4248 anis.
611 4194 681 4249 tm.
703 4194 765 4248 111
851 4192 917 4246 deus
936 4191 1086 4263 plueratS
1156 4193 1191 4246 24
1210 4208 1347 4263 quomam·

198 4282 306 4336 modum
325 4282 408 4338 EPR
497 4283 577 4353 talia]
596 4276 650 4336 alia
668 4281 732 4337 E¹S
831 4298 890 4333 cnm
910 4298 943 4336 ex
962 4282 1063 4335 comt*
1149 4282 1184 4335 25
1203 4298 1263 4335 mom
1280 4280 1349 4335 haec

197 4372 251 4423 ine.
271 4386 331 4439 cap.
351 4370 418 4423 XIII
436 4371 467 4425 E
