3159 4950
247 490 312 552 428
594 487 621 541 S.
649 486 787 543 Aureli
817 488 1038 559 Augustini

292 682 345 747 33.
368 681 436 746 Noc
464 679 612 745 audiendi
640 684 725 757 suut,
755 681 810 763 qui
838 679 1003 746 adfirmant
1034 681 1150 747 inferos
1175 682 1211 763 ¹in
1239 683 1297 747 heo
1326 682 1395 747 uita

248 788 395 871 explicari
413 807 470 853 uec
490 806 561 852 esse
579 790 653 871 post
670 791 819 864 mortem;
845 788 983 853 uiderint
1006 788 1101 867 enim,
1126 787 1394 871 quemadmodum

246 894 372 977 poetica
393 894 547 979 figmenta
568 895 837 976 interpretentur.
853 914 910 961 uos
934 896 972 959 ab
998 894 1186 959 auctoritate
1215 894 1394 961 diuinarum

247 1001 489 1084 scripturarum,
526 1002 642 1085 quibus
680 1001 757 1066 solis
796 1002 834 1067 dc
871 1002 931 1066 hac
967 1019 1001 1065 ro
1037 1000 1115 1067 fidos
1153 1000 1297 1068 habenda
1334 1006 1392 1077 est,

245 1107 391 1174 recedere
414 1128 477 1174 uon
501 1108 663 1176 debemus.
685 1126 875 1192 quamquam
898 1109 1060 1191 possimus
1080 1108 1246 1175 ostendero
1264 1109 1392 1176 illorum
1425 1131 1438 1173 a

246 1232 373 1297 quoquo
401 1215 562 1299 sapientes
591 1215 629 1280 de
651 1214 822 1281 inferorum
851 1215 1031 1279 substantia
1058 1216 1189 1281 minime
1218 1216 1392 1295 dubitasse,

246 1339 326 1403 quae
344 1322 518 1403 posthanc
536 1321 638 1386 uitam
661 1321 778 1404 excipit
800 1322 921 1387 auinras
944 1325 1153 1389 mortuorum.
1177 1322 1262 1388 unde
1285 1325 1392 1388 autem

247 1429 306 1492 sub
338 1428 438 1493 terris
464 1448 534 1494 esse
567 1428 711 1493 dicautur
738 1428 841 1503 inferi,
872 1428 899 1493 si
928 1429 1102 1511 corporalia
1124 1430 1196 1496 loca
1220 1448 1282 1494 nou
1307 1434 1392 1505 sunt,

246 1538 303 1600 aut
333 1535 417 1599 unde
447 1535 540 1601 inferi
572 1536 781 1619 appellentur,
815 1534 844 1599 si
876 1535 935 1599 sub
968 1519 1061 1600 terris
1085 1554 1147 1600 uon
1171 1539 1255 1613 sunt,
1280 1536 1392 1602 morito

246 1644 416 1726 quaeritur.
450 1643 588 1707 animam
610 1661 686 1708 uero
710 1660 771 1706 non
797 1660 868 1707 osse
892 1660 1074 1725 corpoream
1097 1661 1158 1707 uon
1191 1662 1242 1707 mc
1269 1647 1390 1725 putare,
1412 1664 1438 1703 ro

246 1751 302 1815 sed
329 1751 429 1832 plane·
452 1750 533 1815 sciro
561 1749 662 1814 audeo
690 1748 845 1832 profiteri3
878 1752 983 1813 tamen
1012 1749 1127 1814 habere
1159 1766 1253 1833 posse
1281 1748 1392 1815 simili-

245 1856 389 1922 tudinem
413 1856 552 1940 corporis
572 1858 605 1921 ot
623 1856 834 1938 corporalium
858 1856 984 1920 omniuo
1009 1855 1223 1921 membrorum
1246 1856 1390 1940 quisquis

245 1966 343 2047 negat
368 1967 476 2047 potest
502 1982 617 2047 negare
646 1963 784 2027 animam
813 1980 894 2040 csse,
919 1982 999 2047 quae
1022 1962 1054 2027 in
1079 1963 1198 2027 somnis
1220 1962 1311 2028 uidet
1338 1964 1391 2028 uel

246 2071 408 2136 ambulare
431 2088 466 2135 se
489 2070 543 2135 uel
566 2069 675 2135 sedere
698 2069 752 2134 uel
775 2070 835 2135 hac
859 2072 953 2151 atquo
981 2069 1056 2134 illac
1080 2088 1192 2153 gressu
1216 2073 1271 2135 aut
1295 2069 1391 2134 otiam

246 2178 357 2242 uolatu
375 2177 450 2242 ferri
468 2197 504 2242 ao
522 2176 642 2253 referri,
662 2177 745 2259 quod
770 2175 838 2241 siue
862 2176 996 2258 quadam
1020 2175 1229 2241 similitudine
1253 2176 1391 2260 corporis
1410 2194 1436 2235 15

246 2303 308 2349 nou
339 2286 385 2349 fit.
417 2283 557 2367 proinde,
591 2283 620 2349 si
650 2284 731 2349 lianc
763 2282 1006 2349 similitudinem
1039 2283 1135 2348 otiam
1164 2283 1248 2366 apud
1273 2283 1390 2349 inferos

246 2392 328 2477 gerit
359 2411 421 2457 non
444 2392 648 2476 corporalem,
673 2390 730 2456 sod
753 2390 878 2474 corpori
901 2389 1050 2467 similem,
1073 2389 1120 2455 ita
1143 2392 1240 2455 etiam
1259 2390 1290 2455 in
1309 2390 1389 2455 locis

245 2501 373 2565 uidetur
396 2519 466 2565 esse
489 2517 551 2564 non
574 2498 801 2581 corporalibus,
822 2497 878 2562 sod
902 2496 1111 2579 corporalium
1135 2497 1295 2562 similibus
1320 2497 1389 2562 siue

244 2608 277 2670 in
299 2608 407 2690 requie
431 2608 500 2672 siue
523 2607 554 2671 in
579 2606 751 2672 doloribus.

289 2711 489 2797 Quamquam
513 2717 545 2778 et
566 2713 648 2778 illud
669 2731 721 2777 me
744 2711 884 2778 nondum
911 2710 1074 2776 inuenisse
1098 2709 1250 2776 confiteor
1272 2710 1389 2776 inferos
1408 2731 1435 2770 ao

245 2820 431 2903 appellatos,
450 2820 506 2884 ubi
523 2820 681 2885 iustorum
698 2819 821 2884 animae
839 2817 1052 2900 requiescunt.
1077 2821 1110 2882 ct
1125 2815 1242 2881 Christi
1261 2817 1389 2899 quidem
1481 2806 1485 2814 ’

244 2926 381 2990 animam
417 2927 543 2991 uenisse
580 2944 681 3008 usque
718 2925 757 2989 ad
794 2943 831 2989 ea
867 2925 947 3000 loco,
984 2923 1016 2988 in
1054 2921 1169 3006 quibus
1206 2925 1389 3006 peccatores

244 3033 431 3110 cruciantur,
456 3035 493 3096 ut
517 3050 570 3097 eos
594 3033 734 3096 solueret
761 3051 780 3096 a
806 3029 985 3108 tormentis,
1010 3048 1089 3112 quos
1119 3048 1189 3094 esse
1217 3029 1388 3096 soluendos

244 3125 375 3203 occultax
401 3140 492 3204 nobis
526 3157 584 3204 sua
614 3138 740 3203 iustitia
769 3138 942 3217 iudicabat,
972 3155 1033 3202 uon
1060 3136 1207 3201 inmerito
1241 3136 1388 3202 creditur.

243 3245 400 3328 quomodo
437 3245 521 3310 enim
558 3245 649 3310 aliter
685 3243 905 3327 accipiendum
943 3244 999 3321 sit,
1043 3242 1126 3327 quod
1165 3243 1286 3308 dictum
1323 3246 1386 3308 est:
1406 3265 1433 3305 ss

243 3373 352 3436 quem
388 3353 479 3418 deus
517 3352 727 3417 suscitauit
758 3370 777 3414 a
808 3350 970 3416 mortuis
1008 3351 1151 3416 solutis
1189 3350 1386 3416 doloribus

241 3462 460 3538 inferorum,
488 3460 574 3544 quia
602 3478 672 3524 uon
700 3460 853 3542 poterat
881 3458 1003 3522 teneri
1031 3459 1074 3524 ab
1105 3457 1173 3535 eis,
1195 3477 1258 3523 non
1281 3456 1385 3534 uideo,

330 3653 346 3706 9
365 3651 398 3707 oi.
418 3651 538 3706 Retract.
560 3651 589 3706 11
613 3651 655 3704 24.
680 3650 709 3704 iu
732 3648 892 3703 duodecimo
916 3648 949 3703 de
973 3647 1067 3703 inieris
1092 3649 1179 3720 magis
1202 3648 1270 3702 mihi
1292 3647 1387 3702 uideor

241 3741 337 3796 docere
356 3741 491 3805 debuisse,
510 3739 583 3811 quod
606 3739 655 3795 sub
680 3740 759 3792 terris
782 3739 946 3808 sictonam
969 3739 1103 3792 rationem
1125 3737 1245 3802 reddere,
1265 3753 1312 3791 cur
1335 3735 1384 3790 sub

240 3831 319 3884 terris
338 3846 397 3884 esse
417 3829 562 3883 credantur
580 3829 638 3883 siue
657 3827 790 3891 dicantur,
811 3827 888 3898 quasi
906 3843 960 3880 non
979 3827 1019 3880 ita
1037 3827 1081 3880 sit.
1138 3827 1172 3880 26
1191 3827 1250 3881 Act.
1270 3826 1295 3888 2,
1315 3826 1350 3879 24

275 3953 469 4008 luidemntb
541 3951 775 4022 quemammodum
788 3949 841 4006 Es
880 3951 1138 4020 3interpraeieniur
1151 3948 1234 4005 EPR
1269 3947 1386 4004 lectib-

240 4045 359 4096 iuratum
379 4041 435 4096 ΕΡ
488 4039 641 4096 5recidere
658 4041 687 4094 P
739 4038 948 4110 bappellantur
965 4037 1059 4094 PRSb
1119 4038 1152 4092 10
1171 4039 1293 4108 queritur
1309 4035 1388 4092 Pus

242 4131 275 4184 14
297 4147 326 4184 se
350 4130 488 4185 ambulare
506 4128 596 4185 13de
684 4129 730 4184 uel
746 4129 808 4199 hac]
833 4145 865 4182 ac
882 4127 911 4183 R
1000 4127 1065 4181 illae
1083 4126 1121 4181 P¹
1211 4141 1321 4197 egressu
1338 4125 1384 4181 Ro

241 4219 275 4272 15
292 4219 399 4290 referri]
417 4219 482 4273 ferri
499 4219 527 4274 R
598 4217 805 4280 similitudinem
824 4217 853 4270 E
912 4217 945 4270 16
963 4219 1031 4285 aput
1050 4215 1117 4270 E¹P
1174 4215 1206 4268 11
1226 4211 1387 4284 corporisS

241 4309 274 4363 18
293 4308 350 4362 sibe
364 4308 401 4364 P¹
455 4310 489 4362 19
507 4307 667 4378 requioPR
738 4305 876 4360 doloribus
896 4307 937 4375 (or
954 4321 976 4359 s.
999 4305 1016 4360 l.
1035 4321 1071 4358 m.
1083 4309 1108 4372 1)
1123 4305 1151 4358 P
1204 4304 1237 4358 21
1251 4303 1383 4357 iustorum

240 4400 264 4464 (s
283 4413 316 4451 cx
334 4397 500 4465 nom.1)E
538 4397 573 4451 26
585 4398 612 4466 a]
630 4413 660 4450 er
674 4394 789 4451 PRde
834 4397 868 4449 27
881 4411 935 4449 non
948 4398 1055 4465 poterat
1068 4394 1100 4448 in
1112 4393 1171 4450 cod.
1185 4393 1237 4463 lapi
1248 4392 1385 4461 aequitii
