3159 4950
621 1255 978 1356 PRAEFATIO.

268 1451 305 1514 In
334 1451 393 1516 hac
422 1451 559 1516 editione
587 1451 767 1516 adornanda
795 1451 928 1516 eandem
955 1450 1042 1516 niam
1074 1451 1262 1532 persecutus
1290 1469 1372 1517 sum.

225 1577 320 1639 quam
351 1558 428 1624 olim
458 1559 490 1623 in
520 1559 714 1642 praefatione
744 1557 901 1624 uolumini
923 1558 1012 1622 XXV
1034 1558 1155 1622 inserta
1184 1556 1372 1641 significant,

224 1668 258 1729 et
279 1665 325 1730 ita
346 1668 535 1747 persecutus
559 1685 642 1742 sum,
666 1669 703 1730 ut
724 1665 764 1730 iis
788 1665 884 1730 rebus
909 1683 987 1747 quas
1011 1665 1066 1746 qui
1087 1663 1176 1728 illius
1199 1662 1374 1730 uoluminis

224 1791 390 1837 censuram
415 1771 594 1836 scribebant
618 1771 796 1837 desiderare
816 1772 878 1837 sibi
897 1771 1081 1836 uiderentur
1104 1773 1258 1854 quantum
1281 1771 1374 1852 potui

223 1879 376 1944 mederer.
397 1898 433 1943 ex
457 1899 519 1962 quo
544 1899 658 1965 genere
678 1881 738 1945 hoc
757 1883 817 1958 est,
838 1880 923 1962 quod
941 1898 977 1943 er
990 1879 1264 1944 Retractationum
1281 1879 1371 1944 libris

224 2005 304 2067 quae
338 2005 355 2050 a
386 2005 419 2050 re
453 1991 561 2052 essent
593 1987 652 2052 sub
686 1990 808 2052 testum
840 1987 943 2069 posui.
975 1987 1008 2050 in
1039 1985 1231 2070 retingendis
1264 1989 1372 2049 autem

224 2091 454 2173 scripturarum
486 2111 646 2157 sacrarum
679 2094 785 2158 uerbis
818 2093 864 2156 ita
894 2092 1023 2168 recessi,
1051 2091 1156 2156 atad
1183 2091 1374 2174 exemplaria

223 2217 337 2281 graece
359 2217 396 2263 ea
425 2199 526 2283 magis
554 2199 837 2266 accommodarem.
874 2217 947 2264 nam
983 2217 1057 2263 cum
1094 2217 1156 2264 non
1194 2198 1299 2264 solum
1336 2218 1374 2263 ea

223 2305 390 2386 opuscula,
438 2323 518 2387 quae
561 2305 622 2370 hoc
662 2305 827 2371 uolumine
868 2305 1080 2383 continentur,
1120 2324 1234 2370 uerum
1275 2305 1372 2370 etiam

223 2409 454 2491 Quaestionum
471 2411 504 2476 in
519 2411 777 2495 Heptateuchum
796 2412 906 2488 libros,
927 2411 981 2497 qui
1001 2412 1099 2477 altera
1116 2415 1206 2495 parte
1225 2411 1370 2489 edentur,

223 2518 348 2583 collatis
388 2518 531 2585 omnium
566 2519 741 2604 Augustini
779 2538 910 2603 operum
947 2520 1027 2585 locis
1068 2518 1246 2602 iisdemque
1288 2519 1374 2601 apud

223 2624 416 2709 Cyprianum
462 2629 495 2690 et
530 2625 735 2691 Ambrosium
772 2626 918 2709 repetitis
950 2627 1090 2711 legerem
1123 2630 1156 2691 et
1186 2626 1371 2709 relegerem.

220 2731 315 2798 facile
346 2731 490 2797 intellexi
521 2733 583 2797 uisi
616 2732 655 2797 ad
687 2733 821 2798 formam
845 2752 1030 2817 graecomm
1054 2732 1200 2797 codicum
1224 2735 1258 2795 st
1283 2750 1316 2796 re
1340 2734 1373 2795 et

223 2839 330 2905 uerbis
363 2843 517 2922 quantum
550 2859 605 2922 per
642 2842 742 2905 testes
779 2841 857 2905 licet
893 2840 1112 2905 concinentem
1148 2841 1374 2904 reducerentur

221 2950 317 3031 atque
342 2945 611 3013 constituerentur
629 2945 669 3011 ad
687 2946 841 3030 genuinas
859 2946 1131 3028 interpretationis
1148 2946 1260 3020 Italae,
1279 2944 1371 3009 cuius

223 3052 408 3119 memoriam
442 3052 559 3118 nobilis
590 3051 646 3117 ille
677 3054 769 3117 locus
795 3052 833 3117 de
857 3051 941 3118 doct.
966 3052 1075 3117 christ.
1099 3052 1132 3116 II
1159 3054 1198 3117 15
1220 3050 1370 3134 prodidit,

222 3162 377 3227 lectiones
414 3160 571 3245 perueniri
608 3178 669 3224 non
706 3178 813 3242 posse.
856 3159 939 3224 uude
971 3162 1103 3243 apparet
1133 3159 1289 3224 errauisse
1320 3176 1372 3221 me

222 3287 297 3351 pag.
321 3268 397 3344 235,
424 3268 464 3331 13
486 3266 642 3347 paradiso
668 3284 724 3347 pro
747 3268 908 3346 paradisi,
937 3284 1009 3351 pag.
1034 3266 1087 3343 45,
1113 3267 1129 3329 l
1154 3266 1203 3329 ilii
1224 3284 1281 3347 pro
1305 3266 1373 3328 eius

223 3373 425 3441 scribentem.
463 3376 559 3455 atque
595 3373 680 3439 huuc
716 3374 824 3437 locum
860 3375 966 3438 totum
1002 3392 1021 3437 a
1056 3392 1129 3456 pag.
1163 3374 1217 3449 44,
1252 3372 1295 3435 23
1326 3369 1372 3432 in·

223 3480 393 3563 cipieutem
426 3479 545 3545 eisdem
578 3480 695 3545 litteris
734 3478 850 3562 quibus
886 3498 959 3563 pag.
995 3481 1070 3557 156,
1106 3481 1147 3543 19
1185 3496 1254 3562 sqq.
1292 3495 1372 3541 usus

222 3606 293 3653 sum
325 3586 574 3669 imprimeudum
606 3604 714 3651 curare
748 3585 912 3651 debebam.
936 3587 968 3650 in
993 3606 1030 3651 ea
1052 3584 1289 3669 comparatione
1320 3581 1372 3645 his

223 3692 417 3759 editionibus
442 3692 476 3759 C.
501 3691 538 3757 de
562 3692 774 3757 'lischendorl
793 3712 872 3757 usus
896 3712 983 3757 sum:
1007 3694 1111 3758 Uetus
1143 3692 1371 3757 testamentum

224 3817 335 3884 graeco
362 3798 451 3865 iuxta
472 3798 558 3863 LXX
585 3798 772 3882 interpretes
796 3798 922 3882 Lipsiae
948 3800 1033 3865 1877
1063 3801 1096 3865 et
1116 3799 1245 3865 Nouum
1274 3798 1372 3861 testa-

221 3910 367 3971 mentum
400 3924 512 3990 graece
544 3905 594 3971 ed.
627 3907 702 3971 ster.
736 3905 925 3973 duodecima
956 3906 1083 3989 Lipsiae
1117 3906 1219 3982 1891;
1252 3904 1372 3969 ueteris

221 4014 408 4079 testamenti
444 4012 616 4077 editionem
643 4032 673 4077 a
708 4012 808 4078 Paulo
845 4012 885 4078 de
923 4013 1065 4097 Legerda
1105 4013 1256 4077 emissam
1297 4028 1372 4075 cum

101 4138 104 4143 ·
221 4138 337 4205 magno
361 4120 469 4185 fructu
490 4118 635 4203 potuisse
654 4137 704 4183 me
724 4118 874 4184 adhibere
893 4137 963 4184 sero
982 4119 1080 4185 didici
1094 4172 1102 4187 .
1117 4121 1209 4185 notas
1226 4117 1371 4183 locorum

222 4227 261 4291 ab
284 4226 467 4311 Augustino
488 4244 524 4289 er
543 4224 613 4291 aliis
631 4224 722 4289 libris
741 4224 944 4292 laudatorum
963 4246 982 4291 a
999 4225 1159 4310 prioribus
1182 4223 1370 4298 editoribus,

223 4332 278 4415 qui
301 4333 334 4397 iu
358 4333 418 4399 hac
442 4331 546 4413 operis
569 4333 657 4415 parte
680 4331 759 4397 satis
788 4331 958 4416 diligenter
979 4332 1100 4398 uersati
1123 4334 1208 4410 sunt,
1231 4330 1372 4396 mutuari

222 4458 284 4505 non
309 4458 381 4504 sum
404 4438 538 4506 neritus.
563 4437 728 4503 adientes
753 4442 862 4505 autem
885 4439 969 4505 unde
992 4438 1211 4523 Augustinum
1235 4436 1370 4522 singulis
