3159 4950
238 503 280 568 74
469 571 470 574 ¹
589 499 615 552 S.
642 451 780 551 aureli
810 493 1030 565 Augustini

238 694 269 757 in
297 693 354 758 illo
381 694 520 776 psalmo,
550 713 623 760 cum
651 694 899 758 commemorata
931 692 1052 756 essent:
1085 688 1202 774 ignis,
1231 687 1382 772 grando.

239 799 312 878 nir,
342 801 503 884 glacies,
532 800 694 884 spiritus
723 796 983 881 tempestatis,
1012 813 1051 860 ne
1079 795 1157 860 talia
1184 794 1252 860 sine
1276 793 1385 858 diuina

238 906 437 988 prouidentia
471 906 540 972 fieri
575 906 763 988 mouerique
799 905 1000 988 putarentur,
1039 901 1189 968 continuo
1227 899 1382 964 subiecit:

239 1032 333 1094 quae
356 1013 505 1078 faciunt
525 1013 681 1078 uerbum
705 1011 798 1077 eius.

283 1119 318 1185 Si
353 1123 462 1184 autom
499 1123 751 1204 transgressores
783 1117 847 1195 illi,
880 1119 1049 1198 antequam
1081 1113 1383 1200 transgrederentur,
1416 1135 1430 1176 ⁵

239 1226 389 1291 caelestia
411 1245 541 1310 corpora
564 1225 724 1310 gerebant,
748 1243 850 1306 neque
874 1223 934 1287 hoc
957 1222 1073 1287 mirum
1096 1223 1157 1298 est,
1181 1221 1209 1286 ai
1232 1237 1393 1286 conuersa¹

239 1336 315 1396 sunt
338 1351 375 1398 ex
397 1351 499 1417 poena
520 1332 554 1398 in
577 1333 694 1397 aeriam
718 1331 916 1414 qualitatem,
945 1330 1067 1394 utiam
1091 1328 1216 1412 possint
1238 1327 1276 1392 ab
1300 1326 1384 1412 igne,

237 1439 271 1504 id
294 1442 346 1504 est
366 1439 406 1504 ab
430 1441 588 1505 elemento
611 1443 742 1503 naturae
766 1436 939 1520 superioris
963 1435 1083 1520 aliquid
1105 1435 1190 1519 psti;
1218 1452 1277 1499 nec
1304 1433 1385 1498 aeris

239 1547 354 1612 saltem
391 1547 497 1630 spatia
534 1547 696 1631 superiora
727 1549 824 1628 atque
855 1544 994 1628 puriora,
1028 1543 1085 1608 sed
1115 1543 1179 1608 ista
1211 1540 1385 1626 caliginosa

238 1657 346 1718 tenere
373 1654 531 1736 permissa
558 1655 644 1733 sunt,
669 1653 724 1736 qui
751 1653 797 1718 eis
824 1671 881 1736 pro
910 1671 968 1717 ouo
996 1669 1110 1735 genere
1139 1648 1267 1733 quidam
1294 1647 1386 1731 quasi
1404 1667 1431 1708 ro

239 1778 344 1825 carcer
367 1762 418 1824 est
444 1779 547 1843 usque
580 1758 620 1824 ad
641 1761 770 1843 tempus
791 1757 913 1824 iudicii.
942 1761 975 1824 et
997 1757 1025 1822 si
1047 1755 1126 1840 quid
1149 1755 1187 1820 ds
1211 1755 1261 1820 his
1284 1756 1383 1819 trans·

239 1867 438 1952 gressonbua
476 1867 598 1950 angelis
636 1866 822 1951 diligentins
859 1864 1083 1947 requirendum
1115 1866 1179 1942 est,
1211 1863 1293 1927 alius
1326 1861 1386 1926 en't

239 1972 511 2038 adcommodatior
534 1973 708 2056 scripturae
731 1974 834 2038 loeus.
857 1970 988 2055 proinde
1011 1989 1096 2036 nunc
1114 1969 1200 2053 qnod
1218 1968 1297 2034 satis
1316 1971 1384 2033 est:

239 2077 267 2142 si
298 2078 377 2143 haec
409 2079 513 2162 spatia
543 2079 671 2144 turbida
700 2082 732 2144 et
757 2079 937 2163 procellosa
967 2081 1096 2161 propter
1127 2077 1208 2140 aeris
1240 2078 1385 2140 naturam

238 2203 341 2267 usque
368 2184 409 2249 ad
435 2185 538 2250 undas
570 2189 733 2269 terrasque
764 2187 941 2270 porrectam
972 2186 1109 2267 possunt
1140 2182 1224 2252 aeria
1256 2201 1386 2266 corpora
1403 2203 1430 2246 ra

239 2291 406 2368 sustinere,
430 2294 567 2375 possunt
589 2295 622 2356 et
644 2293 765 2371 auium,
789 2311 871 2376 quae
901 2291 1074 2374 productae
1107 2292 1184 2354 sunt
1215 2307 1251 2354 ex
1283 2288 1383 2370 aquis,

238 2401 365 2482 propter
388 2417 540 2482 aquarum
563 2401 677 2464 tenues
701 2399 838 2464 halitus:
859 2399 915 2483 qui
937 2397 1063 2463 scilieet
1085 2396 1187 2462 eidem
1211 2395 1275 2460 seri
1297 2395 1385 2458 iuxta

238 2506 340 2571 undas
364 2510 397 2572 et
418 2509 519 2572 terras
548 2506 741 2573 circumfuso
769 2508 864 2590 atque
892 2506 932 2571 ob
956 2506 1017 2571 hoo
1039 2504 1166 2570 infimae
1190 2506 1222 2568 et
1243 2506 1385 2569 terrenae

238 2613 321 2695 parti
348 2613 502 2696 deputato
529 2613 722 2696 uaporaliter
746 2613 931 2678 inseruntur
954 2615 986 2677 et
1009 2629 1101 2677 auras
1124 2612 1278 2689 intexunt,
1305 2628 1385 2693 quae

239 2720 402 2784 nocturnis
434 2718 594 2803 rigoribus
626 2720 818 2803 adgrauatae
851 2736 961 2784 sereno
990 2718 1087 2783 etiam
1113 2736 1182 2783 rore
1211 2716 1384 2794 destillant,
1402 2741 1429 2783 ao

239 2825 266 2889 si
299 2827 407 2889 antem
439 2824 662 2890 uehementius
693 2825 796 2910 frigus
829 2828 889 2904 est,
918 2824 1015 2890 etiam
1042 2825 1117 2909 gelu
1145 2823 1310 2889 candidius
1337 2822 1383 2887 in·

239 2931 414 2996 albescunt.

286 3040 336 3103 11.
365 3038 411 3101 Et
439 3037 535 3102 dixit
563 3038 671 3105 deus:
699 3039 838 3104 educat
864 3042 965 3105 terra
988 3039 1147 3103 animam
1176 3037 1303 3102 uiuam
1331 3055 1383 3102 se·

240 3144 402 3209 cundum
441 3163 575 3228 genus:
614 3145 872 3229 quadrupedia
909 3148 946 3211 et
977 3145 1133 3228 reptilia
1169 3148 1205 3209 et
1236 3144 1382 3209 bestias

239 3255 363 3315 terroe
390 3251 598 3315 secundnm
627 3270 746 3335 genus
780 3256 818 3317 et
853 3270 990 3335 peoora
1017 3251 1223 3317 seeundum
1253 3268 1382 3335 genua.
1401 3278 1428 3319 aa

239 3363 276 3422 et
299 3357 443 3422 factum
468 3361 528 3421 est
551 3357 615 3423 sio.
645 3361 682 3423 et
704 3357 800 3423 fecit
823 3357 914 3423 deus
938 3358 1084 3423 bestias
1108 3360 1230 3423 terrae
1254 3376 1381 3422 secun-

328 3618 341 3671 1
361 3618 405 3671 Pa.
426 3619 486 3681 148,
506 3618 523 3673 8
577 3620 612 3672 23
630 3617 697 3675 Gen.
718 3620 742 3682 l,
761 3619 805 3674 24.
826 3620 860 3673 25

276 3788 348 3855 lin]
367 3790 396 3841 et
414 3788 473 3841 inb
526 3787 662 3856 agluties
677 3786 726 3842 SR
816 3787 989 3857 prouidentia
1007 3787 1130 3842 diuinab
1185 3755 1384 3858 ogenrfrbant

239 3879 282 3945 (ne
300 3878 349 3943 er.)
368 3876 400 3929 E
488 3876 610 3946 lpoena
630 3878 696 3942 (ea.
716 3876 734 3930 l.
753 3892 788 3931 m.
810 3876 836 3945 1)
854 3877 885 3931 Ε·
958 3876 1100 3931 aereamb
1190 3876 1318 3931 9saltim
1336 3876 1385 3933 SC

238 3965 331 4036 spacio
348 3965 376 4021 R
450 3967 532 4034 atque
556 3966 664 4034 puriora
687 3965 752 4019 add.
775 3966 809 4018 in
830 3982 880 4035 rag.
904 3966 957 4033 ins.
981 3982 1015 4019 m.
1042 3969 1070 4031 l;
1094 3965 1246 4021 rainras.
1266 3982 1301 4020 m.
1321 3966 1383 4021 212

240 4053 273 4108 lo
291 4054 424 4123 permissa
446 4056 473 4123 (a
495 4054 527 4107 in
549 4070 605 4109 rua.
624 4072 659 4108 m.
678 4054 705 4124 2)
723 4054 752 4109 R
769 4054 894 4124 permissi
914 4054 978 4109 Pbd
1067 4056 1100 4109 11
1121 4053 1381 4125 transgressoribus

238 4143 259 4213 (i
276 4142 326 4209 er.)
344 4142 375 4195 E
440 4141 780 4197 13aulconnnooutior102l
853 4141 926 4212 quod
944 4159 1015 4197 nuno
1033 4142 1108 4198 PRd
1179 4142 1252 4213 quod
1271 4160 1323 4201 om.
1342 4142 1382 4197 E¹

240 4231 431 4302 loporrectad
468 4232 502 4285 16
512 4231 767 4301 prodnetcPRde
803 4232 836 4286 17
847 4230 968 4287 tenisR¹
1022 4230 1259 4287 alitusE¹PRSO
1311 4232 1382 4287 eius·

238 4319 342 4375 demS
393 4320 428 4374 18
444 4320 536 4375 infime
555 4319 715 4376 Sintirmae
733 4320 800 4377 PR¹
873 4320 911 4391 et]
931 4338 962 4377 ao
978 4320 1094 4377 PRde
1147 4322 1182 4375 20
1201 4321 1381 4391 aggrauateb

239 4409 375 4463 distillant
384 4407 514 4464 E²Rde
558 4410 591 4464 21
605 4411 825 4465 inaluescuntE¹
871 4410 905 4465 26
918 4410 1061 4465 etinctum
1071 4442 1104 4450 —
1116 4412 1186 4477 75,2
1201 4426 1286 4481 genus
1300 4426 1351 4463 om.
1365 4409 1381 4463 b
