3159 4950
202 501 245 564 VI
664 499 882 553 Praefatio.

200 696 279 760 locis
299 695 418 777 petisse
433 695 606 760 uerIsimile
622 699 707 760 esset
720 695 817 776 quiue
831 699 976 762 auctores
992 697 1061 762 eius
1078 699 1185 763 uerbis
1202 698 1346 784 designa·

199 805 306 866 rentur
329 803 489 884 penetrare
514 819 584 866 cum
600 801 695 866 huius
710 800 859 867 editionis
883 823 945 868 non
970 823 1041 869 esse
1064 804 1149 888 apud
1171 824 1222 869 me
1247 809 1346 870 statn-

200 927 293 986 erem‚
313 907 346 972 id
368 907 491 992 negotii
508 908 739 994 neglegendum
764 909 847 975 duxi.
873 911 989 974 etenim
1012 910 1046 974 id
1069 911 1213 995 agebam,
1233 913 1346 977 utilem

199 1019 321 1080 textum
352 1015 535 1099 legentibus
568 1017 605 1080 ut
635 1017 831 1098 praeberem,
868 1035 930 1080 non
969 1019 1232 1082 commentarium
1270 1020 1345 1085 scri-

201 1123 318 1186 berem.
351 1122 489 1188 indicem
519 1123 662 1187 locorum
696 1123 787 1187 alteri
819 1121 902 1205 parti
935 1124 1073 1204 seposui.
1108 1124 1245 1189 iudicem
1270 1145 1345 1190 uero

201 1229 414 1294 uniuersalenr
450 1229 511 1293 nisi
549 1229 696 1293 omnibus
719 1229 894 1314 Augustini
931 1229 1078 1312 operibus
1117 1231 1211 1296 editis
1250 1233 1345 1297 scribi

199 1355 259 1401 non
283 1354 378 1419 posse
402 1335 479 1400 adeo
503 1337 600 1419 patet,
626 1339 663 1400 ut
686 1337 754 1400 eius
778 1335 931 1401 hocloco
955 1355 1130 1418 numquam
1153 1339 1345 1404 mentionem

198 1441 340 1506 facturus
373 1441 496 1518 fuerim,
531 1443 592 1505 ulsi
625 1441 753 1523 quidam
777 1461 851 1506 eum
875 1441 1147 1525 depoposcissent.
1180 1444 1258 1510 baec
1281 1446 1346 1510 fere

199 1551 285 1624 sunt,
310 1567 390 1630 quae
413 1565 479 1624 eos,
504 1549 558 1630 qui
581 1547 642 1612 hoc
675 1549 755 1612 libro
788 1551 928 1623 utentur,
952 1551 1073 1614 nescire
1097 1551 1195 1616 nolui.
1231 1552 1347 1634 quibus

199 1654 348 1737 expositis
380 1655 443 1718 iam
476 1653 652 1720 describere
685 1655 855 1720 memoriae
887 1659 988 1721 testes
1025 1675 1121 1738 qnam
1157 1656 1346 1724 breuissIme

198 1765 306 1844 potero
331 1779 541 1845 aggressurus
565 1781 647 1826 sum.

275 1954 300 2021 I.
325 1953 380 2018 Dll
406 1953 558 2020 dunaal
581 1955 639 2019 Ab
661 1955 877 2020 eruussnnr
899 1955 1014 2020 LIBRI
1036 1954 1271 2023 DUODEGIM.

146 2084 170 2148 Ε
244 2077 405 2143 Numerus
424 2079 638 2143 uetustIorum
654 2077 799 2144 codicum
817 2079 880 2144 hoc
898 2098 979 2160 opus
998 2080 1227 2144 continentium
1244 2080 1348 2145 minor

200 2187 262 2261 est3
288 2187 452 2249 saeculum
477 2185 701 2250 duodecimum
725 2189 758 2250 et
779 2186 921 2269 proxime
944 2187 1110 2268 sequentia
1130 2186 1222 2250 libris
1249 2205 1346 2250 manu

199 2291 327 2374 scriptis
351 2291 521 2356 abundant.
546 2311 658 2358 omnes
682 2295 789 2357 autern
809 2295 842 2357 et
859 2295 1023 2358 uetustate
1041 2294 1075 2357 et
1091 2293 1233 2358 bonItate
1252 2293 1346 2357 facile

198 2398 300 2463 ulncit
323 2399 419 2464 codex
434 2397 638 2464 Sessorianus
662 2399 922 2465 membranaceus
941 2418 1023 2465 saec.
1047 2399 1108 2464 Vll
1123 2419 1254 2465 numero
1268 2399 1345 2464 XIII

198 2508 336 2573 notatus.
362 2506 415 2588 qui
440 2507 516 2571 olim
540 2506 572 2571 in
595 2506 790 2572 bibliotheca
814 2507 852 2571 de
875 2506 973 2573 Senta
991 2506 1089 2573 Croce
1112 2506 1345 2579 asseruabatur,

198 2615 270 2677 ente
302 2612 424 2695 aliquot
456 2632 553 2677 annos
585 2612 658 2677 inde
681 2612 713 2677 in
737 2613 964 2677 bibliothecam
986 2613 1188 2679 Nationalem
1209 2613 1347 2678 Victoris

198 2719 416 2785 Emmanuelis
453 2719 626 2784 translatus
662 2719 771 2801 ibique
805 2738 936 2784 numero
974 2721 1062 2783 2094
1103 2720 1248 2804 signatus
1287 2724 1346 2798 est,

199 2829 377 2891 accuratam
407 2827 475 2891 eius
497 2825 739 2909 descriptionem
763 2826 801 2890 A.
821 2824 1048 2889 Reifferscheid
1070 2826 1102 2889 in
1127 2845 1163 2890 eo
1186 2826 1268 2890 libro
1292 2828 1347 2908 qui

197 2932 382 2997 inscribitur
403 2932 623 3009 „BibIIotbeca
645 2934 769 3015 patrum
789 2932 974 2995 LatInorum
993 2932 1106 2995 Italica
1128 2931 1144 2994 Ι
1169 2932 1251 2995 125“
1275 2949 1346 2996 con·

197 3039 283 3103 fecit.
322 3039 462 3105 oratione
500 3038 638 3104 auctoris
674 3037 750 3103 lolia
787 3039 852 3102 215
889 3037 1059 3119 inplentur.
1101 3037 1196 3102 ualde
1237 3040 1344 3103 autem

200 3144 370 3211 dolendum
402 3158 461 3225 est,
495 3144 579 3227 quod
613 3146 775 3228 quaternio
803 3144 978 3209 uicesimus
1003 3162 1086 3209 unus
1109 3146 1199 3209 totus
1223 3143 1345 3209 deside-

197 3254 294 3331 ratur,
316 3251 350 3317 id
369 3252 453 3335 quod
471 3252 548 3317 folio
569 3253 646 3315 156·
665 3252 726 3315 ulia
749 3270 844 3315 manu
869 3250 1055 3316 adnotatum
1079 3253 1143 3315 est:
1166 3250 1216 3314 bic
1238 3250 1345 3314 aristus

197 3361 241 3421 cst
262 3378 346 3423 rinus
368 3358 540 3443 quaternio.
574 3376 655 3441 quae
687 3357 785 3423 uerba
808 3357 980 3441 Augustini
1005 3356 1167 3423 Geneseos
1191 3376 1210 3421 a
1233 3356 1342 3422 codice

197 3465 303 3530 absint
333 3466 365 3529 in
388 3464 550 3547 Apparatu
584 3464 693 3531 critico
727 3464 915 3549 significant.
943 3468 1105 3548 praeterea
1127 3465 1343 3547 quaternionis

197 3572 426 3637 undeuIcesimi
459 3592 559 3637 unum
591 3572 702 3638 folium
736 3572 840 3655 periit.
873 3572 956 3655 quod
986 3570 1136 3635 damnum
1168 3571 1250 3637 liber
1279 3572 1342 3635 ianr

197 3678 323 3743 saeculo
361 3683 475 3745 octauo
512 3680 566 3743 uel
597 3696 679 3744 nono
712 3680 845 3743 traxisse
876 3678 1014 3745 uidetur.
1050 3677 1125 3742 libri
1162 3677 1341 3743 duodecimi

196 3788 302 3849 autern
325 3784 437 3851 solium
460 3786 611 3850 ultimum
633 3786 844 3868 posterionrm
867 3786 1047 3867 temporum
1069 3784 1185 3849 iniuria
1200 3784 1341 3848 lacerum

198 3892 309 3956 euasit.
347 3890 427 3957 liber
463 3892 620 3976 scriptura
657 3893 806 3958 continua
848 3892 975 3957 saeculo
1018 3892 1155 3975 septimo
1197 3891 1235 3955 ab
1277 3910 1341 3955 uno

195 3998 322 4063 librario
355 4002 498 4065 exaratus
531 4004 590 4067 est.
624 4002 822 4065 correcturae
863 4001 969 4063 antem
1006 4002 1131 4080 praeter
1171 3998 1340 4063 scribentis

183 4116 322 4169 'manum
352 4126 369 4168 a
396 4124 492 4170 uranu
524 4106 697 4172 saeculiX
725 4108 758 4171 et
788 4106 884 4171 tertia
914 4104 1050 4188 quedam
1081 4104 1256 4170 recentiore
1289 4104 1346 4168 de·-

194 4212 439 4296 prehenduntur.
472 4230 552 4296 quae
585 4214 624 4277 ab
657 4212 716 4277 hoc
749 4214 925 4278 correctore
962 4212 1153 4294 praebentur
1189 4229 1262 4274 cum
1300 4210 1338 4275 ad

196 4316 446 4383 emendationem
478 4318 558 4383 nibil
589 4318 718 4383 ualeant
749 4318 878 4383 silentio
909 4314 1121 4401 praeteunitti
1153 4316 1254 4381 satius
1278 4320 1337 4381 est.

196 4426 228 4487 nt
249 4424 336 4506 prior
357 4442 470 4489 manus
494 4423 660 4491 correctrix
689 4427 791 4489 multa
815 4424 957 4507 quidem·
972 4442 1119 4506 peruerse
1142 4424 1199 4488 illa
1221 4428 1337 4488 tractat
