3159 4950
379 450 1211 523 operisdeGenesiadlitteramcapitula.
1301 458 1367 521 455

216 654 406 715 XXXXVIIII
427 653 461 711 In
481 651 681 727 bocapostoli
695 651 862 711 testimonio
877 652 1036 711 secundnm
1055 653 1218 727 superiores
1237 653 1366 713 rationes

430 741 562 815 spiritum
586 746 711 800 mentem
735 741 806 800 dicit
829 741 935 800 debere
957 740 1099 815 intellegi.

383 832 464 890 Lln
492 830 542 889 illo
569 830 663 905 primo
691 830 756 889 uisu
785 830 930 904 corporali
961 830 1103 890 inluditur
1134 831 1232 891 anima
1264 831 1366 891 simili-

429 919 580 979 tudInibus
604 936 699 979 rernm
722 920 759 979 ab
782 919 985 994 intellegentia
1008 920 1156 981 deficiens.

185 1028 199 1067 5
367 1010 407 1068 LI
429 1010 464 1068 In
502 1008 627 1083 spiritali
663 1008 776 1069 cisione
813 1008 926 1068 fallitur
962 1009 1074 1081 anima,
1113 1026 1178 1069 cum
1214 1026 1365 1084 corporum

430 1097 580 1173 imagines¹
595 1097 660 1173 ipsa
684 1115 807 1173 corpora
829 1098 988 1157 arbitratur
1011 1116 1084 1158 esse.

350 1189 406 1247 LII
429 1188 486 1246 Hic
503 1204 557 1262 per
575 1188 803 1262 oportunitatem
827 1204 985 1263 congruam
1009 1191 1146 1263 quattuor
1168 1188 1284 1247 illarum
1306 1189 1366 1248 uir-

430 1279 524 1335 tutum
548 1275 719 1335 efficientias
743 1278 839 1337 docet.

337 1367 406 1425 LIII
429 1366 485 1425 Hic
509 1366 544 1424 de
567 1364 689 1437 uisiono,
714 1382 772 1440 qua
793 1367 909 1440 Moyses
940 1365 1127 1442 concupierat
1154 1366 1253 1426 uidere
1281 1368 1366 1426 deum

431 1457 460 1513 ct
482 1454 565 1526 uidit,
591 1455 832 1527 quemadmodum
855 1455 895 1513 sit
917 1455 1144 1526 intellegendum
1166 1456 1305 1517 insinuat.

324 1545 408 1603 LIIII
431 1544 460 1603 Si
488 1544 543 1601 boc
571 1542 689 1602 tertium
717 1561 811 1619 genus
837 1544 959 1604 uisionis
982 1544 1055 1603 dixit
1076 1546 1225 1619 apostolus
1247 1546 1365 1605 tertium

431 1633 542 1693 caelum
565 1649 656 1707 prope
679 1632 758 1693 lucet
780 1637 897 1708 praeter
918 1633 991 1693 illud
1015 1652 1194 1709 corporeum.

358 1723 407 1783 LV
430 1721 486 1781 Hic
515 1721 652 1793 ostendit,
677 1726 749 1796 quot
780 1722 875 1782 modis
904 1724 999 1797 possit
1022 1742 1056 1782 ex
1079 1724 1231 1799 scripturis
1255 1724 1364 1783 sanctis

431 1810 563 1886 intellegi
586 1811 749 1885 paradisus.

342 1902 408 1960 LVI
431 1901 469 1959 Ut
487 1899 535 1959 bio
554 1916 657 1959 sensns
678 1901 712 1959 de
731 1900 867 1975 paradiso
888 1901 1081 1972 confirmetur,
1098 1902 1183 1961 datur
1197 1903 1363 1976 conparatio

432 2008 465 2049 ex
483 1989 675 2057 Hierusalem,
697 2007 770 2065 quae
794 1990 887 2049 tribus
908 1990 1001 2049 modis
1020 1991 1171 2066 scripturis
1191 1992 1362 2051 ostenditur.

328 2080 409 2139 LVII
432 2079 489 2139 Hic
511 2080 626 2152 praeter
648 2078 700 2137 illa
717 2079 774 2137 tria
791 2096 900 2153 genera
917 2080 1046 2138 uisornm
1065 2080 1112 2139 uel
1131 2080 1275 2140 uisionum
1294 2080 1365 2139 dicit

431 2186 462 2227 so
485 2184 539 2226 nec
562 2168 666 2227 docere
688 2186 774 2242 posse
797 2186 851 2227 nec
876 2185 972 2229 nosse.

312 2258 408 2317 LVIII
432 2258 558 2316 Uictutes
581 2258 642 2315 siue
666 2256 752 2316 utiles
775 2258 837 2316 siue
860 2260 1000 2332 perpetuo
1023 2276 1176 2317 mansuras
1194 2262 1246 2317 ant
1262 2277 1314 2334 per
1332 2276 1363 2317 se

172 2360 199 2399 ao
431 2364 512 2405 mens
535 2346 686 2405 rationalis
710 2349 761 2405 aut
785 2346 925 2405 dielnitus
949 2346 1049 2405 adiuta
1070 2347 1161 2407 uidet.

297 2436 408 2497 LVIIII
432 2434 461 2496 Si
485 2435 641 2511 quaeritur,
665 2438 760 2496 utrum
785 2436 881 2495 enlma
904 2451 1024 2511 corpore
1049 2440 1134 2496 exuta
1156 2436 1194 2496 ad
1215 2436 1282 2497 loca
1300 2453 1364 2498 cor·

430 2525 543 2600 poralia
560 2525 671 2584 seratur
690 2543 831 2600 corpusne
850 2525 966 2598 babeat,
982 2544 1000 2584 a
1015 2544 1046 2585 se
1065 2543 1125 2586 non
1143 2543 1230 2601 posse
1250 2527 1362 2586 definiri

431 2615 511 2674 dIcit.

358 2704 408 2762 Lll
431 2703 510 2763 Dicit
537 2703 647 2762 anImas
677 2721 795 2777 corpora
824 2705 924 2762 erutas
957 2704 1127 2778 corporibus
1160 2705 1220 2764 suis
1253 2705 1362 2765 similos

429 2793 545 2852 sibimet
567 2810 669 2867 parere
689 2795 717 2850 et
736 2809 834 2852 ueram
857 2792 998 2852 laetitiam
1023 2811 1177 2869 ueramque
1200 2793 1361 2854 molestiam

430 2883 490 2956 pati
514 2881 606 2941 lactas
631 2882 665 2942 de
690 2882 855 2940 substantia
877 2882 1013 2955 spiritali.

341 2971 406 3030 Llll
428 2971 590 3030 Inlororum
628 2971 822 3030 substantiam
854 2971 1014 3046 spiritalem
1045 2971 1138 3046 magis
1175 2989 1261 3047 quam
1297 2989 1362 3032 cor·

429 3059 556 3134 poralem
579 3059 738 3119 arbitratur
761 3078 824 3120 esse
847 3063 944 3120 tamen
967 3061 1110 3121 adfirmat.

324 3150 404 3208 LXII
427 3149 559 3208 Animam
592 3167 649 3209 non
685 3167 747 3208 esse
781 3167 949 3222 corpoream
982 3150 1092 3220 delinit,
1124 3151 1232 3210 habere
1263 3154 1361 3211 tamen

428 3255 514 3312 posse
546 3238 765 3298 similitudinem
798 3239 927 3313 corporis
960 3243 989 3297 et
1021 3239 1213 3314 corporalium
1245 3240 1360 3300 omnino

429 3329 621 3387 membrorum
643 3344 702 3387 non
726 3345 789 3388 osse
817 3329 982 3402 negandum
1005 3328 1148 3388 adfirmat.
1181 3329 1251 3387 binc
1273 3347 1360 3404 argu-

429 3419 556 3476 mentum
581 3417 657 3491 qnod
680 3417 778 3476 anirna
801 3418 939 3476 doceatur
965 3435 1024 3477 non
1053 3417 1253 3492 corporalibus
1275 3418 1358 3487 locis,

430 3507 480 3565 sed
509 3505 701 3581 corporalium
729 3505 873 3566 similibus
897 3511 948 3565 aut
970 3506 1098 3581 requiem
1121 3511 1172 3565 aut
1198 3507 1358 3566 molestiam

429 3595 503 3654 ferre
526 3598 594 3670 post
617 3599 745 3654 mortem.

183 3709 192 3731 .-
309 3685 404 3744 LXIII
427 3685 494 3744 Non
522 3702 644 3759 paruum
671 3683 777 3742 malum
806 3683 920 3742 animae
947 3683 1095 3742 tristitiam
1128 3701 1191 3743 esse
1219 3685 1298 3756 dicit,
1328 3690 1360 3743 ut

428 3767 578 3847 superiora
602 3776 631 3832 et
655 3772 862 3847 consequentia
884 3772 970 3832 buius
992 3774 1049 3831 loci
1073 3774 1282 3833 demonstrant.

295 3862 483 3922 IXIIIIHic
515 3879 575 3922 non
607 3866 712 3921 temere
745 3861 897 3921 adfirmare
929 3881 960 3921 se
994 3862 1072 3933 dicit,
1097 3866 1193 3921 utrum
1216 3863 1247 3921 in
1271 3864 1357 3922 tertio

428 3951 507 4011 caelo
537 3951 576 4011 sit
601 3952 764 4026 paradisus
793 3969 831 4009 an
855 3952 936 4010 etin
959 3952 1075 4010 tertium
1103 3952 1215 4011 caelum
1239 3953 1358 4012 atinde

427 4057 526 4100 rursus
550 4042 580 4099 in
602 4042 768 4116 paradisum
793 4040 831 4099 sit
854 4043 955 4115 raptus
978 4041 1138 4114 apostolus.

251 4227 284 4283 10
303 4228 536 4298 quemammodum
630 4229 662 4282 12
681 4227 757 4280 illum
850 4227 883 4281 16
908 4227 1059 4296 scripturis]
1082 4227 1110 4280 in
1133 4227 1273 4298 scripturis
1291 4227 1358 4280 Mai

212 4300 339 4425 Ξιθοιΐθαῧῖἶὲ
411 4301 446 4354 32
464 4300 490 4365 ip
511 4301 601 4354 animo
622 4301 660 4366 (in
680 4315 738 4368 exp.
757 4315 791 4352 nr.
812 4300 836 4362 1)
914 4298 948 4352 33
966 4297 1174 4368 incorporalium
1263 4300 1357 4370 requie
