3159 4950
239 404 305 467 446
588 402 614 455 S.
644 401 779 455 Aureli
809 402 1026 473 Augustini

224 674 228 681 Ι
305 603 352 660 III
373 601 475 660 Utrum
499 600 530 659 in
552 600 662 659 somnis
685 619 724 660 an
746 600 777 659 in
802 600 894 661 extasi
917 620 954 661 an
978 601 1054 661 elcut
1080 602 1230 677 prophetie
1258 602 1381 661 reuelari

377 690 453 750 solet
470 707 509 749 an
530 706 584 765 per
603 690 781 764 corporalem
800 694 962 749 creaturam
981 708 1039 750 non
1058 694 1157 766 potest
1174 691 1379 765 conprehendi.

287 781 348 839 ΗΠ
369 781 464 838 Deum
486 796 538 853 per
560 778 617 838 sibi
641 780 788 839 subditam
812 784 973 839 creaturam
991 779 1090 839 multis
1108 780 1203 840 modis
1220 781 1380 841 innotuisse

375 868 543 928 hominibus
566 868 720 943 sequentia
742 867 828 927 huius
851 868 908 929 loci
932 870 1098 928 ostendunt.

327 959 354 1018 V
376 958 559 1017 Adiutorinm
577 957 689 1017 homini
707 958 872 1017 faciendum
890 958 1048 1017 secundum
1066 958 1161 1031 ipsum
1181 958 1206 1019 si
1226 962 1381 1034 quaeratur
1412 980 1427 1020 e

380 1048 520 1121 „qnare“,
545 1048 755 1122 respondetur:
779 1049 900 1122 prepter
921 1046 997 1107 filios
1020 1047 1178 1107 iaciendos.

314 1138 356 1197 VI
377 1135 573 1196 Honorabiles
595 1137 713 1211 nuptias
733 1139 763 1194 et
779 1138 876 1195 torum
893 1135 1099 1195 inmaculatum
1118 1137 1149 1195 in
1163 1136 1298 1211 paradiso
1319 1154 1381 1196 esse

377 1225 508 1299 potuisse
529 1242 588 1284 non
612 1244 646 1283 ex
674 1224 842 1285 definitione
872 1226 953 1296 dixit,
978 1226 1030 1285 sed
1052 1243 1112 1285 non
1134 1242 1166 1285 se
1189 1226 1288 1285 uidere
1312 1226 1382 1299 quid

375 1314 508 1389 inpedire
538 1319 640 1389 posset
670 1313 814 1385 adseruit;
848 1317 877 1373 et
908 1315 1053 1375 hominem
1084 1332 1172 1390 pesse
1202 1332 1262 1375 non
1298 1316 1381 1385 mori,

376 1403 527 1463 transferri
550 1407 619 1463 tnnc
642 1404 773 1477 potuisse
796 1404 966 1475 armento,
989 1406 1103 1464 utnon
1126 1408 1226 1479 posset
1247 1404 1330 1465 mori.
1405 1426 1429 1463 ro

297 1495 353 1553 VH
375 1494 585 1568 Argumentum
609 1512 643 1552 er
665 1494 755 1552 simili
776 1510 829 1568 pre
853 1494 984 1567 corperis
1006 1493 1224 1553 inmortalitate.

283 1584 354 1642 VIII
376 1582 433 1641 Hic
463 1582 669 1657 responsiones
700 1582 939 1656 responsionibus
972 1582 1147 1653 obiciuntur,
1176 1586 1209 1643 ut
1236 1582 1382 1657 superflua

375 1674 544 1741 uacnentnr,
569 1688 626 1746 quo
650 1672 763 1731 cautius
785 1672 999 1731 demonstretur
1021 1672 1194 1732 adiutorium
1218 1672 1299 1731 Adae
1322 1688 1382 1731 non

377 1762 414 1820 ob
437 1761 517 1821 aliud
538 1759 646 1819 iactam
668 1760 759 1820 fnisse
782 1760 941 1834 mulierem,
961 1761 1019 1825 uisi
1042 1764 1075 1820 ut
1092 1762 1167 1821 filios
1184 1764 1380 1837 procrearent.

266 1850 352 1909 VIIII
376 1849 551 1924 Opinatione
573 1850 740 1925 propositae
764 1850 943 1909 decessionis
965 1850 1115 1910 hominnm
1139 1854 1168 1910 et
1186 1848 1381 1911 successionis
1401 1870 1427 1907 aa

375 1938 497 1999 filiorum
521 1956 665 2013 suspensa
687 1938 855 1999 delinitione
878 1940 1037 2014 respondit.

327 2030 353 2087 X
376 2029 587 2103 Argumentum
612 2046 647 2087 er
668 2028 756 2088 simili
779 2029 815 2087 dc
838 2029 924 2089 Helia
946 2029 1099 2088 translato.

313 2118 355 2175 XI
376 2117 433 2176 Hic
461 2133 564 2177 sensus
591 2118 711 2176 instruit
737 2120 767 2176 et
788 2117 945 2177 inluminat
967 2119 1045 2192 quod
1068 2119 1217 2193 apostolus
1245 2116 1380 2191 coniugia

377 2210 458 2265 casta
478 2207 639 2265 informans
661 2206 716 2265 ait:
745 2208 809 2267 hoc
832 2209 945 2266 autem
969 2207 1046 2266 dico
1069 2225 1136 2267 non
1159 2210 1197 2266 ιιι
1219 2207 1379 2282 laqueum

377 2296 478 2355 uobis
505 2295 648 2354 iniciam
676 2296 736 2355 sed
764 2296 864 2355 adid
888 2296 1185 2371 quodhonestum
1210 2290 1263 2355 est
1401 2318 1427 2357 so

295 2387 352 2445 XII
373 2384 500 2445 Difficile
524 2402 588 2444 esse
610 2385 691 2456 dicit,
714 2388 748 2443 nt
770 2384 836 2459 quis
858 2386 931 2445 uitia
952 2403 1087 2459 peruerse
1106 2385 1257 2445 declinans
1276 2384 1378 2444 nonin

377 2493 474 2536 eorum
497 2476 643 2534 contraria
664 2476 821 2550 perniciter
844 2479 949 2535 currat.
974 2477 1119 2535 contraria
1136 2476 1273 2535 uitiorum
1296 2475 1381 2533 uitia-

376 2565 437 2624 tIue
460 2583 494 2623 er
516 2565 666 2624 uicinitate
698 2566 823 2640 quadam
846 2566 903 2625 sibi
930 2582 1035 2626 nomen
1058 2566 1197 2624 uirtutum
1229 2566 1380 2638 usurpant.

283 2655 354 2713 XIII
375 2655 499 2728 Propter
530 2654 650 2712 unitatis
682 2654 830 2713 uinculum
859 2655 1117 2714 commendandum
1141 2655 1178 2713 ab
1201 2670 1258 2713 une
1283 2651 1382 2727 coepit

378 2743 492 2818 generis
515 2743 633 2802 humani
655 2760 795 2817 propage.

267 2834 353 2891 XIIII
376 2835 587 2905 Argumentum
606 2849 663 2906 qno
678 2833 818 2906 probatur
833 2833 917 2892 homo
934 2831 1020 2892 etiam
1036 2835 1103 2891 ante
1121 2835 1273 2907 peccatum
1296 2830 1383 2890 modo

378 2923 502 2995 quodam
527 2921 648 2980 mortale
672 2939 776 2997 corpus
799 2922 937 2981 habuisse
961 2939 1020 2980 non
1044 2922 1121 2995 qnod
1140 2920 1304 2980 necessarie
1322 2937 1382 2978 mo·

377 3013 488 3069 reretur
511 3010 562 3068 sed
588 3011 664 3085 quod
687 3013 789 3085 posset
812 3009 898 3068 etiam
916 3010 999 3069 mori.
1020 3029 1054 3070 ox
1073 3028 1129 3085 quo
1149 3009 1384 3083 subintellegitur

377 3117 395 3158 a
413 3100 532 3158 summis
551 3099 597 3158 sui
615 3099 771 3158 cuiuslibet
784 3100 862 3158 modi
877 3100 914 3158 ad
927 3099 1066 3160 inferiora
1079 3099 1195 3174 poenali
1212 3097 1382 3159 condicione

376 3188 480 3246 deduci
503 3189 559 3248 boc
583 3206 647 3247 esse
671 3189 749 3263 quod
773 3188 879 3248 dicItur
901 3188 984 3251 mori.
1401 3209 1427 3252 eo

299 3277 351 3337 XV
373 3277 430 3335 Hic
453 3278 593 3336 aduersus
614 3277 760 3336 Iulianum
782 3277 915 3337 libidinis
940 3278 1131 3338 defensorem.

281 3367 349 3426 XVI
370 3367 495 3426 Rursum
519 3368 556 3426 ad
580 3366 779 3441 quaestionem
798 3366 875 3426 redit
894 3370 923 3426 et
942 3367 1138 3426 definitionem
1158 3383 1239 3425 suam
1258 3365 1299 3425 ita
1313 3381 1382 3424 cen-

374 3457 478 3526 firmat,
494 3459 527 3514 ut
544 3457 690 3516 meliorem
709 3457 804 3515 locum
822 3457 931 3517 habeat
949 3457 974 3515 si
993 3457 1126 3531 cuiquam
1144 3457 1220 3516 forte
1239 3459 1381 3514 occurrat.

269 3546 351 3603 XVII
375 3545 537 3617 Quaeritur,
562 3563 651 3619 quare
674 3545 713 3604 sit
734 3546 854 3618 factum,
878 3547 911 3604 ut
933 3546 1066 3606 adductis
1085 3546 1122 3604 ad
1142 3563 1173 3606 se
1187 3563 1205 3603 a
1220 3544 1273 3603 deo
1288 3543 1381 3602 Adam

377 3635 512 3693 omnibus
535 3635 709 3693 antmalibus
733 3635 852 3694 nomina
873 3636 1036 3710 inponeret.
1399 3655 1423 3696 se

250 3723 347 3782 XVIII
368 3723 425 3782 Hic
458 3723 636 3783 credibiliter
666 3725 860 3798 respondetur
892 3725 1009 3784 nomina
1041 3724 1199 3783 secundum
1231 3721 1380 3781 hominum

375 3829 549 3872 consensum
573 3814 604 3872 in
628 3812 752 3871 diuersis
774 3813 938 3888 linguarum
963 3813 1042 3873 sonis
1065 3812 1176 3872 baberi.

270 3981 505 4051 2conpraebendi
574 3980 642 4035 ede
714 3983 890 4051 dquaeritur
907 3981 974 4035 Mai
1045 3985 1163 4051 liquare
1181 3980 1294 4049 amiam:
1313 3993 1381 4050 quae

235 4054 294 4108 cod.
313 4069 365 4106 ona
384 4052 449 4106 Mae¹
504 4051 652 4106 'inubtiae
723 4057 800 4106 torus
872 4052 1004 4123 paradyso
1065 4055 1197 4124 9aposse
1253 4051 1287 4104 10
1305 4049 1379 4118 tnnc]

234 4125 306 4178 hunc
324 4123 391 4176 Mai
463 4125 494 4177 ll
516 4123 742 4178 inmortalitatem
766 4181 780 4188 „
817 4125 849 4178 13
869 4126 975 4178 cautius
996 4127 1016 4188 (i
1034 4139 1056 4179 a.
1076 4125 1093 4179 1.
1112 4142 1147 4178 ιιι.
1165 4128 1190 4189 1)
1265 4122 1299 4176 14
1316 4120 1379 4190 nisi]

236 4212 315 4265 quarn
335 4195 402 4248 Mai
492 4197 525 4249 15
545 4196 703 4265 opinatione
723 4197 748 4259 (c
766 4212 788 4251 a.
810 4196 827 4248 1.
848 4195 914 4249 odd.
933 4213 967 4250 nr.
986 4200 1011 4262 1)
1103 4197 1135 4249 21
1156 4194 1227 4249 nItIa
1245 4209 1297 4248 cm.
1316 4191 1382 4246 Mat

138 4281 143 4289 “
234 4283 377 4337 peruersae
442 4267 477 4319 22
496 4267 625 4320 uitiatiue
643 4268 756 4335 empti:
774 4267 918 4321 uitiatinae
937 4267 1022 4321 cedere
1039 4267 1109 4320 uitia
1127 4267 1193 4320 Mai
1255 4265 1290 4319 26
1309 4262 1381 4334 qnod

235 4338 365 4408 probatus
420 4338 455 4390 34
474 4355 556 4407 quare
577 4345 601 4405 (r
618 4354 640 4392 a.
661 4338 678 4391 ι.
697 4355 732 4392 m.
751 4343 776 4405 1)
833 4339 865 4394 31
885 4339 1054 4409 consensum]
1075 4339 1230 4394 consenium
