3159 4950
230 500 295 564 242
578 497 605 552 S.
634 496 770 551 Aureli
798 496 1018 565 Augustini

230 712 301 757 esse
323 692 427 756 fontes
450 694 554 770 notos,
579 692 714 757 aliorum
741 694 850 756 autem
877 711 1006 774 prorsus
1033 694 1213 778 incognitos
1243 696 1275 757 et
1306 692 1376 758 ideo

228 819 291 864 non
318 818 411 882 posse
440 798 540 881 accipi
568 799 607 861 ad
633 799 784 875 litteram,
814 798 899 881 quod
928 818 963 863 ex
991 818 1053 864 uno
1082 799 1221 881 paradisi
1248 800 1378 864 flumine

230 906 436 970 diuiduntur?
469 925 541 971 cum
569 906 676 987 potius
705 904 894 970 credendum
924 906 976 983 sit,
1006 907 1156 988 quoniam
1183 907 1276 973 locus
1308 906 1377 988 ipse

228 1011 366 1097 paradisi
385 1032 403 1077 a
422 1013 602 1097 cognitione
620 1013 785 1079 hominum
805 1017 855 1078 est
872 1014 1117 1092 remotissimus,
1137 1014 1210 1079 inde
1230 1018 1379 1097 quattuor

230 1139 382 1202 aquarum
405 1123 512 1203 partes
536 1120 646 1196 diuidi,
670 1120 755 1185 sicut
777 1119 964 1185 fidelissima
983 1119 1139 1204 scriptura
1156 1122 1303 1199 testatur,
1323 1120 1380 1185 sed
1412 1152 1425 1189 s

230 1246 268 1290 ea
289 1226 429 1304 fiumina,
455 1245 587 1308 quorum
611 1225 715 1290 fontes
738 1224 807 1290 noti
830 1244 900 1290 esse
920 1225 1077 1303 dicuntur,
1099 1226 1216 1291 alicubi
1233 1227 1298 1292 isse
1318 1226 1378 1291 sub

230 1336 328 1398 terras
348 1335 472 1415 etpost
489 1335 612 1397 tractus
630 1332 820 1414 prolixarum
840 1333 1005 1417 regionum
1025 1333 1104 1398 locis
1128 1334 1200 1398 aliis
1225 1333 1377 1416 erupisse,

230 1440 285 1505 ubi
308 1443 472 1521 tamquam
494 1439 526 1503 iu
551 1440 618 1504 suis
641 1439 783 1504 fontibus
807 1442 881 1504 nota
901 1458 971 1504 esse
990 1440 1203 1521 perhibentur.
1229 1460 1300 1504 nam
1319 1441 1379 1505 hcc

232 1550 335 1614 solere
358 1548 526 1613 nonnullas
549 1567 647 1629 aquas
668 1547 770 1613 facere
789 1548 861 1631 quis
881 1548 1024 1632 ignorat?
1049 1548 1106 1612 sed
1124 1548 1168 1612 ibi
1189 1549 1248 1613 hoc
1269 1548 1378 1625 scitur,
1408 1546 1412 1553 ’

231 1655 287 1719 ubi
310 1674 371 1719 non
396 1654 450 1719 diu
475 1655 534 1719 sub
558 1655 651 1719 terris
677 1659 816 1719 currunt.
851 1655 956 1719 exibat
978 1674 1052 1738 ergo
1076 1654 1194 1718 flumen
1218 1654 1256 1719 de
1280 1654 1378 1731 llden,
1399 1687 1424 1724 ιο

230 1762 264 1826 id
296 1766 346 1826 est
378 1762 416 1827 ds
448 1763 520 1827 loco
553 1761 749 1839 deliciarum,
784 1765 816 1827 et
847 1762 1007 1845 irrigabat
1033 1761 1230 1844 paradisum,
1264 1762 1298 1827 id
1331 1765 1380 1827 est

229 1869 317 1953 ligna
349 1870 454 1934 omnia
485 1869 618 1952 pulchra
649 1872 744 1952 atque
776 1870 949 1945 fructuosa,
983 1888 1064 1951 quae
1102 1887 1226 1933 omnem
1263 1872 1379 1933 terram

183 1984 187 1993 '
230 1976 370 2059 regionis
392 1976 482 2040 illius
506 1977 690 2059 opacabant.
787 2042 788 2047 ,

276 2084 307 2147 8.
330 2083 377 2146 llt
409 2083 546 2147 sumsit
578 2082 751 2149 dominus
784 2083 875 2149 deus
908 2084 1106 2163 homiuem,
1136 2102 1246 2165 quem
1274 2082 1378 2157 fecit,

233 2193 270 2254 et
287 2190 418 2273 posuit
437 2210 518 2254 eum
537 2191 573 2254 in
592 2189 768 2274 paradiso
787 2194 830 2255 ut
855 2194 1077 2274 operaretur
1096 2192 1132 2254 et
1152 2188 1377 2255 custodiret.
1399 2221 1424 2259 rs

234 2299 270 2360 et
287 2296 484 2378 praecepit
503 2295 676 2360 dominus
697 2296 787 2360 deus
802 2296 901 2361 Adae
925 2294 1068 2360 dicens:
1093 2296 1136 2360 ab
1156 2296 1256 2360 omni
1273 2296 1379 2378 ligno

117 2397 121 2403 ’
234 2401 332 2486 quod
370 2404 429 2465 est
464 2401 500 2465 in
539 2401 717 2485 paradiso
764 2420 873 2467 escae
906 2402 1007 2478 cdes;
1043 2402 1085 2465 de
1117 2401 1222 2484 ligno
1257 2402 1380 2464 autem

233 2507 487 2592 cognoscendi
520 2508 656 2573 bonum
690 2510 727 2572 et
758 2509 895 2572 malum
928 2528 998 2573 non
1031 2507 1313 2572 manducabitis
1338 2506 1380 2571 de

231 2615 312 2679 illo.
341 2633 412 2696 qua
440 2614 499 2679 die
528 2617 653 2678 autem
682 2613 842 2678 ederitis
866 2614 909 2679 ab
934 2633 985 2692 eo,
1010 2619 1128 2680 morte
1158 2613 1380 2678 moriemini.

233 2739 306 2784 cum
339 2720 484 2801 superius
514 2720 655 2784 breuiter
688 2720 800 2784 dixerit
833 2721 926 2786 deum
959 2721 1121 2804 plantasse
1143 2719 1325 2805 paradisum
1350 2724 1382 2784 et
1398 2757 1424 2791 so

233 2826 438 2892 constituisse
476 2827 522 2891 ibi
558 2826 729 2905 homiuem,
767 2847 861 2909 quem
898 2828 1038 2906 finxerat,
1076 2826 1311 2909 recapitulauit,
1344 2831 1382 2890 ut

231 2936 380 3010 narraret,
413 2933 570 3014 quomodo
603 2933 647 2997 sit
678 2933 843 3016 paradisus
881 2935 1086 3000 constitutus.
1125 2953 1208 2998 nuuc
1241 2953 1314 3018 ergo
1349 2936 1382 2997 et

230 3039 311 3104 illud
334 3039 570 3122 recapitulando
594 3042 865 3118 commemorauit,
886 3041 1043 3123 quomodo
1067 3041 1112 3106 ibi
1136 3039 1214 3105 deus
1238 3041 1382 3124 posuerit

231 3145 402 3223 hominem,
422 3165 516 3229 quem
539 3146 625 3210 fecit.
650 3146 817 3212 uideamus
836 3149 954 3230 itaque,
975 3147 1052 3230 quid
1076 3147 1127 3224 sit,
1152 3146 1236 3230 quod
1260 3147 1381 3212 dictum

234 3257 297 3318 est:
330 3256 373 3316 ut
401 3255 622 3335 operaretur
651 3257 687 3318 et
715 3254 939 3319 custodiret.
970 3255 1046 3337 quid
1075 3256 1295 3338 operaretur
1326 3253 1381 3318 uel
1397 3280 1423 3318 ss

232 3359 310 3441 quid
333 3359 566 3424 custodiret?
589 3360 745 3441 numquid
763 3360 844 3426 forte
864 3361 1090 3445 agriculturam
1110 3360 1256 3424 dominus
1276 3359 1381 3424 uoluit

322 3587 356 3640 14
375 3585 443 3640 cen.
462 3587 487 3652 a,
508 3587 613 3640 15-17
678 3654 680 3658 ,

268 3712 364 3780 deep.
384 3711 407 3763 V
425 3712 456 3765 E
544 3712 619 3782 ipsae
638 3710 670 3766 8¹
733 3711 903 3766 ascribens
921 3711 976 3764 ΕΡ
1041 3711 1142 3780 tissa]
1161 3727 1219 3764 esse
1239 3709 1381 3766 Siissed

235 3801 589 3865 ltractatusEtrsctosS
622 3801 714 3855 ducti
726 3800 834 3856 EPRS
869 3801 901 3854 10
915 3801 1027 3854 terrasb
1083 3799 1168 3854 aeden
1183 3799 1237 3854 PR
1250 3798 1383 3854 aedemS

234 3890 267 3943 12
285 3889 374 3958 adque
392 3888 432 3943 E¹
506 3890 539 3943 13
563 3888 727 3960 opacabant]
752 3889 888 3958 parebant
906 3888 930 3943 S
951 3887 1119 3958 occupabant
1142 3887 1157 3941 b
1232 3887 1265 3940 14
1288 3905 1379 3958 sump-

232 3978 269 4032 sit
286 3977 416 4033 E²Rde
487 3978 613 4032 domiuus
631 3995 682 4033 om.
701 3978 798 4045 EPR5
815 3979 863 4033 sed
880 3979 975 4046 confer
993 3981 1062 4042 248,
1084 3981 1102 4031 ’ἴ
1187 3977 1221 4030 17
1246 3993 1339 4030 aescae
1360 3975 1382 4031 S

234 4083 296 4120 esca
312 4066 417 4122 Paua
434 4083 524 4121 escam
543 4072 574 4135 (a.
595 4068 613 4121 l.
632 4085 667 4122 m.
687 4069 717 4132 2;
740 4085 808 4122 aum
830 4085 864 4124 m.
884 4072 899 4120 1
917 4075 980 4130 em.)
1000 4065 1091 4134 E,R²,·
1108 4067 1156 4122 sed
1178 4067 1212 4135 cs.
1233 4066 1329 4121 Lucet.
1348 4066 1380 4118 ἐκ

233 4154 349 4222 Heptct.
368 4155 414 4210 lib.
434 4157 455 4209 1
475 4157 538 4210 VII
590 4157 624 4211 18
642 4155 895 4210 manducauitisE¹
952 4157 983 4210 19
1003 4154 1108 4226 quubd
1198 4155 1259 4218 diae
1279 4161 1379 4222 (ceap.

232 4259 266 4296 m.
288 4244 353 4306 uP
423 4244 633 4299 comederitisS
702 4245 748 4314 ab]
769 4245 839 4300 deS
893 4245 927 4300 20
946 4244 1044 4299 dixerit
1061 4243 1216 4298 breuiter&
1266 4243 1302 4298 25
1316 4259 1379 4313 ope·

232 4334 338 4385 raretur
359 4334 400 4399 (re
423 4349 444 4386 s.
469 4333 486 4387 l.
510 4351 545 4388 m.
572 4337 597 4401 l)
621 4335 652 4389 Ε
758 4333 1011 4402 quid-custodiret
1035 4349 1086 4388 om.
1110 4333 1126 4386 b
1236 4332 1291 4402 uel]
1315 4331 1381 4386 etd

233 4421 267 4473 26
286 4421 478 4490 agriculturam
498 4423 559 4488 (alt.
578 4439 596 4476 u
614 4440 636 4477 s.
656 4423 675 4478 Ι.
693 4440 729 4478 m.
750 4424 776 4489 l)
796 4421 824 4478 R
