<?xml version="1.0" encoding="UTF-8"?>
<!DOCTYPE html PUBLIC "-//W3C//DTD XHTML 1.0 Transitional//EN"
    "http://www.w3.org/TR/xhtml1/DTD/xhtml1-transitional.dtd">
<html xmlns="http://www.w3.org/1999/xhtml" xml:lang="en" lang="en">
 <head>
  <title>
</title>
<meta http-equiv="Content-Type" content="text/html;charset=utf-8" />
  <meta name='ocr-system' content='tesseract 3.04.00' />
  <meta name='ocr-capabilities' content='ocr_page ocr_carea ocr_par ocr_line ocrx_word'/>
</head>
<body>
  <div class='ocr_page' id='page_1' title='image "./corpusscriptoru10wiengoog_0071.png"; bbox 0 0 3159 4950; ppageno 0'>
   <div class='ocr_carea' id='block_1_1' title="bbox 419 472 1321 546">
    <p class='ocr_par' dir='ltr' id='par_1_1' title="bbox 419 472 1321 546">
     <span class='ocr_line' id='line_1_1' title="bbox 419 472 1321 546; baseline 0.006 -19"><span class='ocrx_word' id='word_1_1' title='bbox 419 473 460 528; x_wconf 92' lang='lat' dir='ltr'>de</span> <span class='ocrx_word' id='word_1_2' title='bbox 489 472 634 528; x_wconf 81' lang='lat' dir='ltr'>Genesi</span> <span class='ocrx_word' id='word_1_3' title='bbox 662 474 707 529; x_wconf 83' lang='lat' dir='ltr'>ed</span> <span class='ocrx_word' id='word_1_4' title='bbox 734 475 918 530; x_wconf 82' lang='lat' dir='ltr'>litteram</span> <span class='ocrx_word' id='word_1_5' title='bbox 946 475 1012 530; x_wconf 84' lang='lat' dir='ltr'>lib.</span> <span class='ocrx_word' id='word_1_6' title='bbox 1040 477 1076 530; x_wconf 94' lang='lat' dir='ltr'>II.</span> <span class='ocrx_word' id='word_1_7' title='bbox 1276 482 1321 546; x_wconf 82' lang='lat'>45</span> 
     </span>
    </p>
   </div>
   <div class='ocr_carea' id='block_1_2' title="bbox 118 669 1323 3531">
    <p class='ocr_par' dir='ltr' id='par_1_2' title="bbox 118 669 1323 3531">
     <span class='ocr_line' id='line_1_2' title="bbox 162 669 1323 755; baseline 0.004 -23"><span class='ocrx_word' id='word_1_8' title='bbox 162 672 224 732; x_wconf 89' lang='lat' dir='ltr'>aut</span> <span class='ocrx_word' id='word_1_9' title='bbox 254 669 326 752; x_wconf 91' lang='lat' dir='ltr'>quis</span> <span class='ocrx_word' id='word_1_10' title='bbox 356 670 555 734; x_wconf 87' lang='lat' dir='ltr'>consiliarius</span> <span class='ocrx_word' id='word_1_11' title='bbox 583 669 632 734; x_wconf 93' lang='lat' dir='ltr'>illi</span> <span class='ocrx_word' id='word_1_12' title='bbox 660 669 748 737; x_wconf 84' lang='lat' dir='ltr'>fuit?</span> <span class='ocrx_word' id='word_1_13' title='bbox 786 674 843 734; x_wconf 90' lang='lat' dir='ltr'>aut</span> <span class='ocrx_word' id='word_1_14' title='bbox 874 672 946 754; x_wconf 89' lang='lat' dir='ltr'>quis</span> <span class='ocrx_word' id='word_1_15' title='bbox 974 672 1059 755; x_wconf 90' lang='lat' dir='ltr'>prior</span> <span class='ocrx_word' id='word_1_16' title='bbox 1087 672 1175 737; x_wconf 90' lang='lat' dir='ltr'>dedit</span> <span class='ocrx_word' id='word_1_17' title='bbox 1201 673 1260 750; x_wconf 93' lang='lat' dir='ltr'>illi,</span> <span class='ocrx_word' id='word_1_18' title='bbox 1290 677 1323 738; x_wconf 91' lang='lat' dir='ltr'>et</span> 
     </span>
     <span class='ocr_line' id='line_1_3' title="bbox 162 775 1322 862; baseline 0.004 -23"><span class='ocrx_word' id='word_1_19' title='bbox 162 775 364 841; x_wconf 88' lang='lat' dir='ltr'>retribuetur</span> <span class='ocrx_word' id='word_1_20' title='bbox 383 777 438 841; x_wconf 84' lang='lat' dir='ltr'>ci?</span> <span class='ocrx_word' id='word_1_21' title='bbox 463 777 611 858; x_wconf 89' lang='lat' dir='ltr'>quoniam</span> <span class='ocrx_word' id='word_1_22' title='bbox 632 796 666 840; x_wconf 88' lang='lat' dir='ltr'>cr</span> <span class='ocrx_word' id='word_1_23' title='bbox 684 777 755 860; x_wconf 91' lang='lat' dir='ltr'>ipso</span> <span class='ocrx_word' id='word_1_24' title='bbox 777 780 810 842; x_wconf 90' lang='lat' dir='ltr'>et</span> <span class='ocrx_word' id='word_1_25' title='bbox 832 797 889 861; x_wconf 89' lang='lat' dir='ltr'>per</span> <span class='ocrx_word' id='word_1_26' title='bbox 910 777 1017 860; x_wconf 90' lang='lat' dir='ltr'>ipsum</span> <span class='ocrx_word' id='word_1_27' title='bbox 1041 783 1073 843; x_wconf 90' lang='lat' dir='ltr'>et</span> <span class='ocrx_word' id='word_1_28' title='bbox 1095 779 1128 843; x_wconf 89' lang='lat' dir='ltr'>in</span> <span class='ocrx_word' id='word_1_29' title='bbox 1152 779 1221 862; x_wconf 90' lang='lat' dir='ltr'>ipso</span> <span class='ocrx_word' id='word_1_30' title='bbox 1246 784 1322 846; x_wconf 92' lang='lat' dir='ltr'>sunt</span> 
     </span>
     <span class='ocr_line' id='line_1_4' title="bbox 163 882 1321 970; baseline 0.004 -24"><span class='ocrx_word' id='word_1_31' title='bbox 163 883 287 947; x_wconf 90' lang='lat' dir='ltr'>omnia.</span> <span class='ocrx_word' id='word_1_32' title='bbox 308 903 344 948; x_wconf 85' lang='lat' dir='ltr'>er</span> <span class='ocrx_word' id='word_1_33' title='bbox 363 885 433 966; x_wconf 90' lang='lat' dir='ltr'>ipso</span> <span class='ocrx_word' id='word_1_34' title='bbox 453 903 526 967; x_wconf 91' lang='lat' dir='ltr'>ergo</span> <span class='ocrx_word' id='word_1_35' title='bbox 547 882 713 947; x_wconf 78' lang='lat' dir='ltr'>discebant</span> <span class='ocrx_word' id='word_1_36' title='bbox 732 885 848 967; x_wconf 81' lang='lat' dir='ltr'>angeli,</span> <span class='ocrx_word' id='word_1_37' title='bbox 864 904 935 949; x_wconf 91' lang='lat' dir='ltr'>cum</span> <span class='ocrx_word' id='word_1_38' title='bbox 955 884 988 948; x_wconf 92' lang='lat' dir='ltr'>in</span> <span class='ocrx_word' id='word_1_39' title='bbox 1007 885 1053 949; x_wconf 87' lang='lat' dir='ltr'>eis</span> <span class='ocrx_word' id='word_1_40' title='bbox 1072 886 1162 949; x_wconf 88' lang='lat' dir='ltr'>fieret</span> <span class='ocrx_word' id='word_1_41' title='bbox 1180 887 1321 970; x_wconf 77' lang='lat' dir='ltr'>cognitio</span> 
     </span>
     <span class='ocr_line' id='line_1_5' title="bbox 163 989 1321 1076; baseline 0.005 -23"><span class='ocrx_word' id='word_1_42' title='bbox 163 993 333 1054; x_wconf 91' lang='lat' dir='ltr'>creaturae</span> <span class='ocrx_word' id='word_1_43' title='bbox 349 990 497 1072; x_wconf 84' lang='lat' dir='ltr'>deinceps</span> <span class='ocrx_word' id='word_1_44' title='bbox 512 989 685 1066; x_wconf 79' lang='lat' dir='ltr'>faciendae,</span> <span class='ocrx_word' id='word_1_45' title='bbox 707 1008 743 1054; x_wconf 90' lang='lat' dir='ltr'>ao</span> <span class='ocrx_word' id='word_1_46' title='bbox 763 990 874 1054; x_wconf 91' lang='lat' dir='ltr'>deinde</span> <span class='ocrx_word' id='word_1_47' title='bbox 894 991 983 1056; x_wconf 90' lang='lat' dir='ltr'>fieret</span> <span class='ocrx_word' id='word_1_48' title='bbox 1000 992 1032 1055; x_wconf 94' lang='lat' dir='ltr'>in</span> <span class='ocrx_word' id='word_1_49' title='bbox 1052 1011 1166 1075; x_wconf 90' lang='lat' dir='ltr'>genere</span> <span class='ocrx_word' id='word_1_50' title='bbox 1185 995 1321 1076; x_wconf 89' lang='lat' dir='ltr'>proprio.</span> 
     </span>
     <span class='ocr_line' id='line_1_6' title="bbox 126 1095 1323 1182; baseline 0.004 -22"><span class='ocrx_word' id='word_1_51' title='bbox 126 1113 143 1152; x_wconf 61' lang='grc' dir='ltr'>ὁ</span> <span class='ocrx_word' id='word_1_52' title='bbox 212 1095 416 1181; x_wconf 81' lang='lat' dir='ltr'>Quapropter</span> <span class='ocrx_word' id='word_1_53' title='bbox 442 1097 507 1160; x_wconf 89' lang='lat' dir='ltr'>iam</span> <span class='ocrx_word' id='word_1_54' title='bbox 535 1097 606 1160; x_wconf 90' lang='lat' dir='ltr'>luce</span> <span class='ocrx_word' id='word_1_55' title='bbox 630 1097 725 1173; x_wconf 84' lang='lat' dir='ltr'>facta,</span> <span class='ocrx_word' id='word_1_56' title='bbox 750 1097 782 1160; x_wconf 91' lang='lat' dir='ltr'>in</span> <span class='ocrx_word' id='word_1_57' title='bbox 807 1117 869 1180; x_wconf 90' lang='lat' dir='ltr'>qua</span> <span class='ocrx_word' id='word_1_58' title='bbox 891 1099 1110 1182; x_wconf 82' lang='lat' dir='ltr'>intellegimus</span> <span class='ocrx_word' id='word_1_59' title='bbox 1133 1099 1172 1163; x_wconf 94' lang='lat' dir='ltr'>ab</span> <span class='ocrx_word' id='word_1_60' title='bbox 1196 1103 1323 1165; x_wconf 89' lang='lat' dir='ltr'>aeterna</span> 
     </span>
     <span class='ocr_line' id='line_1_7' title="bbox 161 1203 1321 1279; baseline 0.004 -13"><span class='ocrx_word' id='word_1_61' title='bbox 161 1204 239 1268; x_wconf 91' lang='lat' dir='ltr'>luce</span> <span class='ocrx_word' id='word_1_62' title='bbox 271 1204 437 1268; x_wconf 85' lang='lat' dir='ltr'>formatam</span> <span class='ocrx_word' id='word_1_63' title='bbox 463 1203 649 1268; x_wconf 79' lang='lat' dir='ltr'>rationalem</span> <span class='ocrx_word' id='word_1_64' title='bbox 674 1207 861 1279; x_wconf 89' lang='lat' dir='ltr'>creaturam,</span> <span class='ocrx_word' id='word_1_65' title='bbox 887 1225 959 1268; x_wconf 90' lang='lat' dir='ltr'>cum</span> <span class='ocrx_word' id='word_1_66' title='bbox 982 1205 1014 1269; x_wconf 92' lang='lat' dir='ltr'>in</span> <span class='ocrx_word' id='word_1_67' title='bbox 1039 1205 1153 1270; x_wconf 90' lang='lat' dir='ltr'>ceteris</span> <span class='ocrx_word' id='word_1_68' title='bbox 1178 1207 1321 1272; x_wconf 88' lang='lat' dir='ltr'>creandis</span> 
     </span>
     <span class='ocr_line' id='line_1_8' title="bbox 160 1309 1320 1396; baseline 0.003 -21"><span class='ocrx_word' id='word_1_69' title='bbox 160 1311 264 1376; x_wconf 88' lang='lat' dir='ltr'>rebus</span> <span class='ocrx_word' id='word_1_70' title='bbox 285 1309 453 1374; x_wconf 80' lang='lat' dir='ltr'>erudimus:</span> <span class='ocrx_word' id='word_1_71' title='bbox 479 1313 517 1374; x_wconf 91' lang='lat' dir='ltr'>et</span> <span class='ocrx_word' id='word_1_72' title='bbox 540 1309 636 1374; x_wconf 81' lang='lat' dir='ltr'>dixit</span> <span class='ocrx_word' id='word_1_73' title='bbox 659 1309 764 1375; x_wconf 91' lang='lat' dir='ltr'>deus:</span> <span class='ocrx_word' id='word_1_74' title='bbox 784 1311 865 1385; x_wconf 89' lang='lat' dir='ltr'>fiat,</span> <span class='ocrx_word' id='word_1_75' title='bbox 886 1313 1111 1396; x_wconf 90' lang='lat' dir='ltr'>intellegamus</span> <span class='ocrx_word' id='word_1_76' title='bbox 1130 1313 1170 1377; x_wconf 89' lang='lat' dir='ltr'>ad</span> <span class='ocrx_word' id='word_1_77' title='bbox 1188 1315 1320 1379; x_wconf 86' lang='lat' dir='ltr'>aeterni-</span> 
     </span>
     <span class='ocr_line' id='line_1_9' title="bbox 161 1416 1320 1501; baseline 0.005 -21"><span class='ocrx_word' id='word_1_78' title='bbox 161 1421 268 1482; x_wconf 87' lang='lat' dir='ltr'>tatem</span> <span class='ocrx_word' id='word_1_79' title='bbox 292 1417 384 1481; x_wconf 88' lang='lat' dir='ltr'>uerbi</span> <span class='ocrx_word' id='word_1_80' title='bbox 399 1416 449 1481; x_wconf 89' lang='lat' dir='ltr'>dei</span> <span class='ocrx_word' id='word_1_81' title='bbox 463 1418 677 1482; x_wconf 80' lang='lat' dir='ltr'>recurrentem</span> <span class='ocrx_word' id='word_1_82' title='bbox 702 1418 878 1501; x_wconf 87' lang='lat' dir='ltr'>scripturae</span> <span class='ocrx_word' id='word_1_83' title='bbox 901 1419 1122 1486; x_wconf 90' lang='lat' dir='ltr'>intentionem.</span> <span class='ocrx_word' id='word_1_84' title='bbox 1148 1439 1221 1484; x_wconf 92' lang='lat' dir='ltr'>cum</span> <span class='ocrx_word' id='word_1_85' title='bbox 1244 1441 1320 1487; x_wconf 89' lang='lat' dir='ltr'>uero</span> 
     </span>
     <span class='ocr_line' id='line_1_10' title="bbox 162 1524 1319 1609; baseline 0.004 -21"><span class='ocrx_word' id='word_1_86' title='bbox 162 1525 339 1589; x_wconf 88' lang='lat' dir='ltr'>audimus:</span> <span class='ocrx_word' id='word_1_87' title='bbox 374 1527 410 1588; x_wconf 92' lang='lat' dir='ltr'>et</span> <span class='ocrx_word' id='word_1_88' title='bbox 438 1524 493 1588; x_wconf 90' lang='lat' dir='ltr'>sic</span> <span class='ocrx_word' id='word_1_89' title='bbox 523 1525 767 1602; x_wconf 84' lang='lat' dir='ltr'>estfactum,</span> <span class='ocrx_word' id='word_1_90' title='bbox 796 1525 1024 1609; x_wconf 89' lang='lat' dir='ltr'>intellegamus</span> <span class='ocrx_word' id='word_1_91' title='bbox 1051 1528 1083 1590; x_wconf 93' lang='lat' dir='ltr'>in</span> <span class='ocrx_word' id='word_1_92' title='bbox 1108 1531 1251 1592; x_wconf 87' lang='lat' dir='ltr'>creatura</span> <span class='ocrx_word' id='word_1_93' title='bbox 1273 1529 1319 1592; x_wconf 92' lang='lat' dir='ltr'>in·</span> 
     </span>
     <span class='ocr_line' id='line_1_11' title="bbox 118 1630 1319 1715; baseline 0.004 -21"><span class='ocrx_word' id='word_1_94' title='bbox 118 1646 142 1683; x_wconf 77' lang='grc' dir='ltr'>ιο</span> <span class='ocrx_word' id='word_1_95' title='bbox 161 1631 348 1696; x_wconf 90' lang='lat' dir='ltr'>tellectuali</span> <span class='ocrx_word' id='word_1_96' title='bbox 370 1630 487 1694; x_wconf 86' lang='lat' dir='ltr'>factam</span> <span class='ocrx_word' id='word_1_97' title='bbox 512 1631 729 1714; x_wconf 87' lang='lat' dir='ltr'>cognitionem</span> <span class='ocrx_word' id='word_1_98' title='bbox 752 1632 896 1709; x_wconf 89' lang='lat' dir='ltr'>rationis,</span> <span class='ocrx_word' id='word_1_99' title='bbox 921 1635 1051 1715; x_wconf 87' lang='lat' dir='ltr'>quaein</span> <span class='ocrx_word' id='word_1_100' title='bbox 1072 1635 1170 1699; x_wconf 92' lang='lat' dir='ltr'>uerbo</span> <span class='ocrx_word' id='word_1_101' title='bbox 1190 1635 1241 1699; x_wconf 93' lang='lat' dir='ltr'>dei</span> <span class='ocrx_word' id='word_1_102' title='bbox 1259 1639 1319 1712; x_wconf 86' lang='lat' dir='ltr'>est,</span> 
     </span>
     <span class='ocr_line' id='line_1_12' title="bbox 163 1737 1318 1823; baseline 0.003 -20"><span class='ocrx_word' id='word_1_103' title='bbox 163 1737 353 1804; x_wconf 88' lang='lat' dir='ltr'>condendae</span> <span class='ocrx_word' id='word_1_104' title='bbox 387 1739 558 1814; x_wconf 87' lang='lat' dir='ltr'>creaturae,</span> <span class='ocrx_word' id='word_1_105' title='bbox 591 1740 630 1802; x_wconf 92' lang='lat' dir='ltr'>ut</span> <span class='ocrx_word' id='word_1_106' title='bbox 661 1739 692 1801; x_wconf 89' lang='lat' dir='ltr'>in</span> <span class='ocrx_word' id='word_1_107' title='bbox 726 1757 763 1802; x_wconf 92' lang='lat' dir='ltr'>ea</span> <span class='ocrx_word' id='word_1_108' title='bbox 795 1743 908 1803; x_wconf 88' lang='lat' dir='ltr'>natura</span> <span class='ocrx_word' id='word_1_109' title='bbox 939 1741 1027 1821; x_wconf 88' lang='lat' dir='ltr'>prins</span> <span class='ocrx_word' id='word_1_110' title='bbox 1061 1740 1196 1823; x_wconf 89' lang='lat' dir='ltr'>quodam</span> <span class='ocrx_word' id='word_1_111' title='bbox 1224 1742 1318 1806; x_wconf 89' lang='lat' dir='ltr'>modo</span> 
     </span>
     <span class='ocr_line' id='line_1_13' title="bbox 162 1844 1319 1930; baseline 0.004 -22"><span class='ocrx_word' id='word_1_112' title='bbox 162 1846 255 1910; x_wconf 81' lang='lat' dir='ltr'>facta</span> <span class='ocrx_word' id='word_1_113' title='bbox 288 1845 341 1915; x_wconf 82' lang='lat' dir='ltr'>sit,</span> <span class='ocrx_word' id='word_1_114' title='bbox 375 1863 455 1926; x_wconf 89' lang='lat' dir='ltr'>qnae</span> <span class='ocrx_word' id='word_1_115' title='bbox 488 1844 644 1909; x_wconf 88' lang='lat' dir='ltr'>anteriore</span> <span class='ocrx_word' id='word_1_116' title='bbox 678 1845 817 1927; x_wconf 90' lang='lat' dir='ltr'>quodam</span> <span class='ocrx_word' id='word_1_117' title='bbox 849 1849 941 1910; x_wconf 88' lang='lat' dir='ltr'>motu</span> <span class='ocrx_word' id='word_1_118' title='bbox 973 1847 1006 1911; x_wconf 91' lang='lat' dir='ltr'>in</span> <span class='ocrx_word' id='word_1_119' title='bbox 1038 1846 1108 1930; x_wconf 90' lang='lat' dir='ltr'>ipso</span> <span class='ocrx_word' id='word_1_120' title='bbox 1143 1846 1193 1911; x_wconf 93' lang='lat' dir='ltr'>dei</span> <span class='ocrx_word' id='word_1_121' title='bbox 1220 1850 1319 1913; x_wconf 91' lang='lat' dir='ltr'>uerbo</span> 
     </span>
     <span class='ocr_line' id='line_1_14' title="bbox 162 1951 1319 2036; baseline 0.002 -20"><span class='ocrx_word' id='word_1_122' title='bbox 162 1954 254 2036; x_wconf 90' lang='lat' dir='ltr'>prior</span> <span class='ocrx_word' id='word_1_123' title='bbox 287 1951 464 2016; x_wconf 87' lang='lat' dir='ltr'>faciendam</span> <span class='ocrx_word' id='word_1_124' title='bbox 498 1970 570 2016; x_wconf 90' lang='lat' dir='ltr'>esse</span> <span class='ocrx_word' id='word_1_125' title='bbox 604 1952 765 2035; x_wconf 91' lang='lat' dir='ltr'>cognouit,</span> <span class='ocrx_word' id='word_1_126' title='bbox 795 1955 831 2015; x_wconf 89' lang='lat' dir='ltr'>ut</span> <span class='ocrx_word' id='word_1_127' title='bbox 858 1956 1031 2036; x_wconf 91' lang='lat' dir='ltr'>postremo,</span> <span class='ocrx_word' id='word_1_128' title='bbox 1065 1973 1138 2017; x_wconf 91' lang='lat' dir='ltr'>cum</span> <span class='ocrx_word' id='word_1_129' title='bbox 1170 1955 1319 2018; x_wconf 91' lang='lat' dir='ltr'>audimus</span> 
     </span>
     <span class='ocr_line' id='line_1_15' title="bbox 161 2057 1316 2144; baseline 0.003 -22"><span class='ocrx_word' id='word_1_130' title='bbox 161 2060 270 2142; x_wconf 89' lang='lat' dir='ltr'>repeti</span> <span class='ocrx_word' id='word_1_131' title='bbox 300 2063 332 2122; x_wconf 93' lang='lat' dir='ltr'>et</span> <span class='ocrx_word' id='word_1_132' title='bbox 361 2058 437 2135; x_wconf 87' lang='lat' dir='ltr'>dici,</span> <span class='ocrx_word' id='word_1_133' title='bbox 468 2057 553 2140; x_wconf 89' lang='lat' dir='ltr'>quod</span> <span class='ocrx_word' id='word_1_134' title='bbox 586 2058 681 2122; x_wconf 86' lang='lat' dir='ltr'>fecit</span> <span class='ocrx_word' id='word_1_135' title='bbox 713 2059 819 2136; x_wconf 87' lang='lat' dir='ltr'>deus,</span> <span class='ocrx_word' id='word_1_136' title='bbox 853 2060 916 2123; x_wconf 93' lang='lat' dir='ltr'>iam</span> <span class='ocrx_word' id='word_1_137' title='bbox 943 2061 1170 2144; x_wconf 86' lang='lat' dir='ltr'>intellegamus</span> <span class='ocrx_word' id='word_1_138' title='bbox 1198 2061 1230 2124; x_wconf 95' lang='lat' dir='ltr'>in</span> <span class='ocrx_word' id='word_1_139' title='bbox 1259 2079 1316 2125; x_wconf 89' lang='lat' dir='ltr'>suo</span> 
     </span>
     <span class='ocr_line' id='line_1_16' title="bbox 119 2165 1318 2249; baseline -0.001 -19"><span class='ocrx_word' id='word_1_140' title='bbox 119 2178 142 2216; x_wconf 80' lang='lat'>¹⁵</span> <span class='ocrx_word' id='word_1_141' title='bbox 164 2183 285 2249; x_wconf 87' lang='lat' dir='ltr'>genere</span> <span class='ocrx_word' id='word_1_142' title='bbox 310 2166 378 2230; x_wconf 89' lang='lat' dir='ltr'>fieri</span> <span class='ocrx_word' id='word_1_143' title='bbox 400 2165 505 2248; x_wconf 88' lang='lat' dir='ltr'>ipsam</span> <span class='ocrx_word' id='word_1_144' title='bbox 530 2167 717 2230; x_wconf 88' lang='lat' dir='ltr'>creaturam.</span> <span class='ocrx_word' id='word_1_145' title='bbox 750 2185 841 2248; x_wconf 91' lang='lat' dir='ltr'>porro</span> <span class='ocrx_word' id='word_1_146' title='bbox 867 2185 940 2230; x_wconf 93' lang='lat' dir='ltr'>cum</span> <span class='ocrx_word' id='word_1_147' title='bbox 964 2166 1129 2231; x_wconf 87' lang='lat' dir='ltr'>audimus:</span> <span class='ocrx_word' id='word_1_148' title='bbox 1161 2168 1197 2230; x_wconf 89' lang='lat' dir='ltr'>et</span> <span class='ocrx_word' id='word_1_149' title='bbox 1219 2166 1318 2229; x_wconf 91' lang='lat' dir='ltr'>uidit</span> 
     </span>
     <span class='ocr_line' id='line_1_17' title="bbox 163 2273 1317 2356; baseline 0 -19"><span class='ocrx_word' id='word_1_150' title='bbox 163 2274 276 2349; x_wconf 90' lang='lat' dir='ltr'>deus,</span> <span class='ocrx_word' id='word_1_151' title='bbox 307 2273 394 2355; x_wconf 92' lang='lat' dir='ltr'>quia</span> <span class='ocrx_word' id='word_1_152' title='bbox 421 2273 558 2337; x_wconf 92' lang='lat' dir='ltr'>bouum</span> <span class='ocrx_word' id='word_1_153' title='bbox 588 2278 660 2350; x_wconf 91' lang='lat' dir='ltr'>est,</span> <span class='ocrx_word' id='word_1_154' title='bbox 688 2273 914 2356; x_wconf 87' lang='lat' dir='ltr'>intellegamus</span> <span class='ocrx_word' id='word_1_155' title='bbox 947 2273 1136 2355; x_wconf 84' lang='lat' dir='ltr'>benignitati</span> <span class='ocrx_word' id='word_1_156' title='bbox 1169 2273 1220 2336; x_wconf 92' lang='lat' dir='ltr'>dei</span> <span class='ocrx_word' id='word_1_157' title='bbox 1251 2273 1317 2354; x_wconf 83' lang='lat' dir='ltr'>pla-</span> 
     </span>
     <span class='ocr_line' id='line_1_18' title="bbox 163 2379 1315 2462; baseline -0.001 -18"><span class='ocrx_word' id='word_1_158' title='bbox 163 2381 284 2458; x_wconf 89' lang='lat' dir='ltr'>cuisse,</span> <span class='ocrx_word' id='word_1_159' title='bbox 315 2379 398 2462; x_wconf 92' lang='lat' dir='ltr'>quod</span> <span class='ocrx_word' id='word_1_160' title='bbox 427 2380 547 2444; x_wconf 88' lang='lat' dir='ltr'>factum</span> <span class='ocrx_word' id='word_1_161' title='bbox 577 2384 637 2456; x_wconf 91' lang='lat' dir='ltr'>est,</span> <span class='ocrx_word' id='word_1_162' title='bbox 667 2381 703 2442; x_wconf 89' lang='lat' dir='ltr'>ut</span> <span class='ocrx_word' id='word_1_163' title='bbox 729 2399 785 2461; x_wconf 93' lang='lat' dir='ltr'>pro</span> <span class='ocrx_word' id='word_1_164' title='bbox 814 2380 909 2444; x_wconf 91' lang='lat' dir='ltr'>modo</span> <span class='ocrx_word' id='word_1_165' title='bbox 939 2381 990 2443; x_wconf 92' lang='lat' dir='ltr'>sni</span> <span class='ocrx_word' id='word_1_166' title='bbox 1014 2380 1138 2462; x_wconf 91' lang='lat' dir='ltr'>generis</span> <span class='ocrx_word' id='word_1_167' title='bbox 1162 2385 1315 2455; x_wconf 85' lang='lat' dir='ltr'>maneret,</span> 
     </span>
     <span class='ocr_line' id='line_1_19' title="bbox 163 2487 1317 2571; baseline -0.003 -18"><span class='ocrx_word' id='word_1_168' title='bbox 163 2488 253 2571; x_wconf 91' lang='lat' dir='ltr'>quod</span> <span class='ocrx_word' id='word_1_169' title='bbox 276 2488 409 2569; x_wconf 89' lang='lat' dir='ltr'>placuit,</span> <span class='ocrx_word' id='word_1_170' title='bbox 434 2489 471 2549; x_wconf 91' lang='lat' dir='ltr'>ut</span> <span class='ocrx_word' id='word_1_171' title='bbox 494 2487 592 2564; x_wconf 86' lang='lat' dir='ltr'>lieret,</span> <span class='ocrx_word' id='word_1_172' title='bbox 623 2506 694 2551; x_wconf 87' lang='lat' dir='ltr'>cum</span> <span class='ocrx_word' id='word_1_173' title='bbox 724 2488 885 2569; x_wconf 89' lang='lat' dir='ltr'>spiritus</span> <span class='ocrx_word' id='word_1_174' title='bbox 916 2488 975 2551; x_wconf 93' lang='lat' dir='ltr'>dei</span> <span class='ocrx_word' id='word_1_175' title='bbox 1004 2488 1317 2570; x_wconf 87' lang='lat' dir='ltr'>superferebatur</span> 
     </span>
     <span class='ocr_line' id='line_1_20' title="bbox 163 2612 983 2677; baseline 0 -19"><span class='ocrx_word' id='word_1_176' title='bbox 163 2612 449 2677; x_wconf 90' lang='lat' dir='ltr'>superaquam.</span> <span class='ocrx_word' id='word_1_177' title='bbox 979 2668 983 2675; x_wconf 26' lang='lat'><strong>¹</strong></span> 
     </span>
     <span class='ocr_line' id='line_1_21' title="bbox 119 2697 1315 2784; baseline -0.001 -19"><span class='ocrx_word' id='word_1_178' title='bbox 119 2710 144 2749; x_wconf 84' lang='lat'>²⁰</span> <span class='ocrx_word' id='word_1_179' title='bbox 209 2702 241 2765; x_wconf 87' lang='lat'>9.</span> <span class='ocrx_word' id='word_1_180' title='bbox 278 2697 395 2777; x_wconf 81' lang='lat' dir='ltr'>Quaeri</span> <span class='ocrx_word' id='word_1_181' title='bbox 427 2698 524 2763; x_wconf 90' lang='lat' dir='ltr'>etiam</span> <span class='ocrx_word' id='word_1_182' title='bbox 558 2699 650 2772; x_wconf 86' lang='lat' dir='ltr'>solet,</span> <span class='ocrx_word' id='word_1_183' title='bbox 686 2717 766 2781; x_wconf 89' lang='lat' dir='ltr'>quae</span> <span class='ocrx_word' id='word_1_184' title='bbox 800 2699 902 2763; x_wconf 91' lang='lat' dir='ltr'>forma</span> <span class='ocrx_word' id='word_1_185' title='bbox 934 2703 966 2763; x_wconf 89' lang='lat' dir='ltr'>et</span> <span class='ocrx_word' id='word_1_186' title='bbox 998 2700 1100 2784; x_wconf 86' lang='lat' dir='ltr'>figura</span> <span class='ocrx_word' id='word_1_187' title='bbox 1132 2701 1212 2764; x_wconf 86' lang='lat' dir='ltr'>caeli</span> <span class='ocrx_word' id='word_1_188' title='bbox 1245 2719 1315 2764; x_wconf 88' lang='lat' dir='ltr'>esse</span> 
     </span>
     <span class='ocr_line' id='line_1_22' title="bbox 163 2805 1315 2887; baseline 0 -17"><span class='ocrx_word' id='word_1_189' title='bbox 163 2806 323 2871; x_wconf 89' lang='lat' dir='ltr'>credenda</span> <span class='ocrx_word' id='word_1_190' title='bbox 347 2806 390 2870; x_wconf 91' lang='lat' dir='ltr'>sit</span> <span class='ocrx_word' id='word_1_191' title='bbox 414 2806 589 2869; x_wconf 91' lang='lat' dir='ltr'>secundum</span> <span class='ocrx_word' id='word_1_192' title='bbox 609 2805 781 2887; x_wconf 84' lang='lat' dir='ltr'>scripturas</span> <span class='ocrx_word' id='word_1_193' title='bbox 800 2809 936 2871; x_wconf 91' lang='lat' dir='ltr'>nostras.</span> <span class='ocrx_word' id='word_1_194' title='bbox 960 2806 1055 2870; x_wconf 91' lang='lat' dir='ltr'>multi</span> <span class='ocrx_word' id='word_1_195' title='bbox 1075 2807 1158 2871; x_wconf 89' lang='lat' dir='ltr'>eninr</span> <span class='ocrx_word' id='word_1_196' title='bbox 1176 2807 1315 2870; x_wconf 90' lang='lat' dir='ltr'>multum</span> 
     </span>
     <span class='ocr_line' id='line_1_23' title="bbox 163 2912 1315 2995; baseline 0.001 -19"><span class='ocrx_word' id='word_1_197' title='bbox 163 2913 334 2995; x_wconf 85' lang='lat' dir='ltr'>disputant</span> <span class='ocrx_word' id='word_1_198' title='bbox 358 2912 396 2977; x_wconf 91' lang='lat' dir='ltr'>de</span> <span class='ocrx_word' id='word_1_199' title='bbox 420 2912 469 2977; x_wconf 89' lang='lat' dir='ltr'>his</span> <span class='ocrx_word' id='word_1_200' title='bbox 493 2914 599 2991; x_wconf 82' lang='lat' dir='ltr'>rebus,</span> <span class='ocrx_word' id='word_1_201' title='bbox 626 2932 704 2995; x_wconf 84' lang='lat' dir='ltr'>quas</span> <span class='ocrx_word' id='word_1_202' title='bbox 728 2912 847 2977; x_wconf 89' lang='lat' dir='ltr'>maiore</span> <span class='ocrx_word' id='word_1_203' title='bbox 865 2913 1033 2995; x_wconf 90' lang='lat' dir='ltr'>prudentia</span> <span class='ocrx_word' id='word_1_204' title='bbox 1050 2913 1152 2978; x_wconf 92' lang='lat' dir='ltr'>nostri</span> <span class='ocrx_word' id='word_1_205' title='bbox 1170 2917 1315 2977; x_wconf 86' lang='lat' dir='ltr'>auctores</span> 
     </span>
     <span class='ocr_line' id='line_1_24' title="bbox 163 3020 1316 3102; baseline -0.001 -18"><span class='ocrx_word' id='word_1_206' title='bbox 163 3022 344 3085; x_wconf 91' lang='lat' dir='ltr'>omiserunt</span> <span class='ocrx_word' id='word_1_207' title='bbox 378 3020 417 3084; x_wconf 90' lang='lat' dir='ltr'>ad</span> <span class='ocrx_word' id='word_1_208' title='bbox 452 3020 579 3084; x_wconf 91' lang='lat' dir='ltr'>beatam</span> <span class='ocrx_word' id='word_1_209' title='bbox 611 3022 713 3083; x_wconf 89' lang='lat' dir='ltr'>uitam</span> <span class='ocrx_word' id='word_1_210' title='bbox 746 3040 807 3085; x_wconf 94' lang='lat' dir='ltr'>non</span> <span class='ocrx_word' id='word_1_211' title='bbox 841 3020 1023 3102; x_wconf 89' lang='lat' dir='ltr'>profuturas</span> <span class='ocrx_word' id='word_1_212' title='bbox 1056 3020 1254 3084; x_wconf 88' lang='lat' dir='ltr'>discentibus</span> <span class='ocrx_word' id='word_1_213' title='bbox 1283 3023 1316 3083; x_wconf 93' lang='lat' dir='ltr'>et</span> 
     </span>
     <span class='ocr_line' id='line_1_25' title="bbox 164 3126 1314 3210; baseline -0.003 -17"><span class='ocrx_word' id='word_1_214' title='bbox 164 3133 371 3210; x_wconf 83' lang='lat' dir='ltr'>occupantes,</span> <span class='ocrx_word' id='word_1_215' title='bbox 396 3126 481 3209; x_wconf 90' lang='lat' dir='ltr'>quod</span> <span class='ocrx_word' id='word_1_216' title='bbox 505 3126 597 3207; x_wconf 88' lang='lat' dir='ltr'>peius</span> <span class='ocrx_word' id='word_1_217' title='bbox 622 3129 680 3203; x_wconf 91' lang='lat' dir='ltr'>est,</span> <span class='ocrx_word' id='word_1_218' title='bbox 710 3128 849 3190; x_wconf 91' lang='lat' dir='ltr'>multum</span> <span class='ocrx_word' id='word_1_219' title='bbox 878 3128 1018 3209; x_wconf 87' lang='lat' dir='ltr'>pretiosa</span> <span class='ocrx_word' id='word_1_220' title='bbox 1046 3130 1079 3191; x_wconf 91' lang='lat' dir='ltr'>et</span> <span class='ocrx_word' id='word_1_221' title='bbox 1105 3129 1200 3191; x_wconf 90' lang='lat' dir='ltr'>rebus</span> <span class='ocrx_word' id='word_1_222' title='bbox 1230 3129 1314 3191; x_wconf 89' lang='lat' dir='ltr'>salu-</span> 
     </span>
     <span class='ocr_line' id='line_1_26' title="bbox 120 3233 1314 3317; baseline -0.001 -18"><span class='ocrx_word' id='word_1_223' title='bbox 120 3246 146 3287; x_wconf 78' lang='lat'>2⁵</span> <span class='ocrx_word' id='word_1_224' title='bbox 161 3236 275 3299; x_wconf 90' lang='lat' dir='ltr'>bribus</span> <span class='ocrx_word' id='word_1_225' title='bbox 295 3233 496 3317; x_wconf 89' lang='lat' dir='ltr'>inpendenda</span> <span class='ocrx_word' id='word_1_226' title='bbox 509 3238 689 3315; x_wconf 90' lang='lat' dir='ltr'>temporum</span> <span class='ocrx_word' id='word_1_227' title='bbox 707 3234 818 3314; x_wconf 89' lang='lat' dir='ltr'>spatia.</span> <span class='ocrx_word' id='word_1_228' title='bbox 839 3234 916 3316; x_wconf 93' lang='lat' dir='ltr'>quid</span> <span class='ocrx_word' id='word_1_229' title='bbox 935 3235 1019 3299; x_wconf 87' lang='lat' dir='ltr'>enirn</span> <span class='ocrx_word' id='word_1_230' title='bbox 1039 3234 1077 3298; x_wconf 90' lang='lat' dir='ltr'>ad</span> <span class='ocrx_word' id='word_1_231' title='bbox 1096 3253 1147 3298; x_wconf 92' lang='lat' dir='ltr'>me</span> <span class='ocrx_word' id='word_1_232' title='bbox 1166 3234 1314 3317; x_wconf 88' lang='lat' dir='ltr'>pertinet,</span> 
     </span>
     <span class='ocr_line' id='line_1_27' title="bbox 162 3340 1314 3423; baseline 0 -18"><span class='ocrx_word' id='word_1_233' title='bbox 162 3347 274 3406; x_wconf 92' lang='lat' dir='ltr'>utrum</span> <span class='ocrx_word' id='word_1_234' title='bbox 307 3342 431 3405; x_wconf 89' lang='lat' dir='ltr'>caelum</span> <span class='ocrx_word' id='word_1_235' title='bbox 466 3342 550 3405; x_wconf 89' lang='lat' dir='ltr'>sicut</span> <span class='ocrx_word' id='word_1_236' title='bbox 582 3340 715 3423; x_wconf 87' lang='lat' dir='ltr'>sphaera</span> <span class='ocrx_word' id='word_1_237' title='bbox 750 3341 891 3423; x_wconf 90' lang='lat' dir='ltr'>undique</span> <span class='ocrx_word' id='word_1_238' title='bbox 929 3341 1099 3406; x_wconf 89' lang='lat' dir='ltr'>concludat</span> <span class='ocrx_word' id='word_1_239' title='bbox 1134 3344 1249 3405; x_wconf 92' lang='lat' dir='ltr'>terram</span> <span class='ocrx_word' id='word_1_240' title='bbox 1282 3342 1314 3405; x_wconf 90' lang='lat' dir='ltr'>in</span> 
     </span>
     <span class='ocr_line' id='line_1_28' title="bbox 162 3448 1314 3531; baseline 0.001 -20"><span class='ocrx_word' id='word_1_241' title='bbox 162 3448 271 3513; x_wconf 89' lang='lat' dir='ltr'>media</span> <span class='ocrx_word' id='word_1_242' title='bbox 297 3448 408 3511; x_wconf 88' lang='lat' dir='ltr'>mundi</span> <span class='ocrx_word' id='word_1_243' title='bbox 436 3448 520 3511; x_wconf 90' lang='lat' dir='ltr'>mole</span> <span class='ocrx_word' id='word_1_244' title='bbox 547 3448 706 3525; x_wconf 90' lang='lat' dir='ltr'>libratam,</span> <span class='ocrx_word' id='word_1_245' title='bbox 737 3466 774 3511; x_wconf 90' lang='lat' dir='ltr'>an</span> <span class='ocrx_word' id='word_1_246' title='bbox 804 3468 874 3511; x_wconf 90' lang='lat' dir='ltr'>earn</span> <span class='ocrx_word' id='word_1_247' title='bbox 903 3468 938 3512; x_wconf 86' lang='lat' dir='ltr'>er</span> <span class='ocrx_word' id='word_1_248' title='bbox 966 3468 1030 3512; x_wconf 92' lang='lat' dir='ltr'>una</span> <span class='ocrx_word' id='word_1_249' title='bbox 1061 3452 1149 3531; x_wconf 90' lang='lat' dir='ltr'>parte</span> <span class='ocrx_word' id='word_1_250' title='bbox 1178 3448 1314 3531; x_wconf 90' lang='lat' dir='ltr'>desuper</span> 
     </span>
    </p>
   </div>
   <div class='ocr_carea' id='block_1_3' title="bbox 162 3709 1314 4455">
    <p class='ocr_par' dir='ltr' id='par_1_3' title="bbox 162 3709 1314 4455">
     <span class='ocr_line' id='line_1_29' title="bbox 200 3709 1314 3834; baseline -0.003 -16"><span class='ocrx_word' id='word_1_251' title='bbox 200 3764 212 3818; x_wconf 93' lang='lat' dir='ltr'>l</span> <span class='ocrx_word' id='word_1_252' title='bbox 234 3762 287 3832; x_wconf 91' lang='lat' dir='ltr'>illi]</span> <span class='ocrx_word' id='word_1_253' title='bbox 307 3763 365 3815; x_wconf 87' lang='lat' dir='ltr'>eius</span> <span class='ocrx_word' id='word_1_254' title='bbox 380 3761 508 3817; x_wconf 82' lang='lat' dir='ltr'>PR¹de</span> <span class='ocrx_word' id='word_1_255' title='bbox 579 3760 655 3815; x_wconf 89' lang='lat' dir='ltr'>dedit</span> <span class='ocrx_word' id='word_1_256' title='bbox 670 3741 695 3815; x_wconf 88' lang='lat' dir='ltr'>ci</span> <span class='ocrx_word' id='word_1_257' title='bbox 707 3763 736 3815; x_wconf 90' lang='lat' dir='ltr'>et</span> <span class='ocrx_word' id='word_1_258' title='bbox 748 3762 914 3816; x_wconf 89' lang='lat' dir='ltr'>retribuetur</span> <span class='ocrx_word' id='word_1_259' title='bbox 928 3709 969 3816; x_wconf 56' lang='lat' dir='ltr'>illli</span> <span class='ocrx_word' id='word_1_260' title='bbox 983 3763 1074 3834; x_wconf 65' lang='lat' dir='ltr'>(capua</span> <span class='ocrx_word' id='word_1_261' title='bbox 1089 3762 1178 3816; x_wconf 85' lang='lat' dir='ltr'>adscr.</span> <span class='ocrx_word' id='word_1_262' title='bbox 1194 3779 1228 3815; x_wconf 93' lang='lat' dir='ltr'>m.</span> <span class='ocrx_word' id='word_1_263' title='bbox 1243 3764 1270 3828; x_wconf 83' lang='lat'>2)</span> <span class='ocrx_word' id='word_1_264' title='bbox 1284 3763 1314 3816; x_wconf 85' lang='lat' dir='ltr'><em>E</em></span> 
     </span>
     <span class='ocr_line' id='line_1_30' title="bbox 162 3850 1312 3920; baseline -0.002 -15"><span class='ocrx_word' id='word_1_265' title='bbox 162 3850 443 3906; x_wconf 83' lang='lat' dir='ltr'>2inom.Per.R</span> <span class='ocrx_word' id='word_1_266' title='bbox 533 3850 969 3920; x_wconf 63' lang='lat' dir='ltr'>bqueappi(pecpm.2)R</span> <span class='ocrx_word' id='word_1_267' title='bbox 1060 3850 1312 3904; x_wconf 73' lang='lat' dir='ltr'>laudiuimnsEl</span> 
     </span>
     <span class='ocr_line' id='line_1_31' title="bbox 163 3938 1311 4008; baseline 0 -15"><span class='ocrx_word' id='word_1_268' title='bbox 163 3941 355 3995; x_wconf 85' lang='lat' dir='ltr'>aeternitatem</span> <span class='ocrx_word' id='word_1_269' title='bbox 378 3938 499 3999; x_wconf 83' lang='lat' dir='ltr'>PRde,</span> <span class='ocrx_word' id='word_1_270' title='bbox 528 3942 559 4005; x_wconf 83' lang='lat' dir='ltr'>(s.</span> <span class='ocrx_word' id='word_1_271' title='bbox 590 3939 607 3993; x_wconf 86' lang='lat' dir='ltr'>l.</span> <span class='ocrx_word' id='word_1_272' title='bbox 634 3956 669 3993; x_wconf 89' lang='lat' dir='ltr'>m.</span> <span class='ocrx_word' id='word_1_273' title='bbox 697 3940 713 3992; x_wconf 98' lang='grc'>2</span> <span class='ocrx_word' id='word_1_274' title='bbox 743 3939 819 4008; x_wconf 84' lang='lat' dir='ltr'>add.)</span> <span class='ocrx_word' id='word_1_275' title='bbox 846 3940 887 3993; x_wconf 85' lang='lat' dir='ltr'>E:</span> <span class='ocrx_word' id='word_1_276' title='bbox 915 3940 1018 3993; x_wconf 88' lang='lat' dir='ltr'>aeterni</span> <span class='ocrx_word' id='word_1_277' title='bbox 1040 3939 1081 3994; x_wconf 79' lang='grc' dir='ltr'>κ]1</span> <span class='ocrx_word' id='word_1_278' title='bbox 1188 3939 1311 3993; x_wconf 85' lang='lat' dir='ltr'>8scrib·</span> 
     </span>
     <span class='ocr_line' id='line_1_32' title="bbox 162 4028 1311 4097; baseline -0.001 -15"><span class='ocrx_word' id='word_1_279' title='bbox 162 4034 241 4083; x_wconf 85' lang='lat' dir='ltr'>turae</span> <span class='ocrx_word' id='word_1_280' title='bbox 259 4030 290 4083; x_wconf 83' lang='lat' dir='ltr'><em>E</em></span> <span class='ocrx_word' id='word_1_281' title='bbox 350 4028 539 4093; x_wconf 65' lang='lat' dir='ltr'>§landipimus</span> <span class='ocrx_word' id='word_1_282' title='bbox 558 4044 616 4096; x_wconf 74' lang='lat' dir='ltr'>exp.</span> <span class='ocrx_word' id='word_1_283' title='bbox 637 4044 671 4083; x_wconf 86' lang='lat' dir='ltr'>m.</span> <span class='ocrx_word' id='word_1_284' title='bbox 692 4028 705 4082; x_wconf 90' lang='lat'>1</span> <span class='ocrx_word' id='word_1_285' title='bbox 725 4028 756 4081; x_wconf 84' lang='grc' dir='ltr'><em>Ε</em></span> <span class='ocrx_word' id='word_1_286' title='bbox 818 4028 852 4083; x_wconf 92' lang='grc'>10</span> <span class='ocrx_word' id='word_1_287' title='bbox 870 4028 980 4097; x_wconf 83' lang='lat' dir='ltr'>factam]</span> <span class='ocrx_word' id='word_1_288' title='bbox 999 4028 1073 4082; x_wconf 85' lang='lat' dir='ltr'>facta</span> <span class='ocrx_word' id='word_1_289' title='bbox 1090 4028 1130 4082; x_wconf 83' lang='lat' dir='ltr'>E¹</span> <span class='ocrx_word' id='word_1_290' title='bbox 1196 4029 1226 4082; x_wconf 94' lang='lat' dir='ltr'>ll</span> <span class='ocrx_word' id='word_1_291' title='bbox 1249 4044 1311 4082; x_wconf 92' lang='lat' dir='ltr'>con·</span> 
     </span>
     <span class='ocr_line' id='line_1_33' title="bbox 164 4115 1314 4186; baseline 0 -15"><span class='ocrx_word' id='word_1_292' title='bbox 164 4117 279 4186; x_wconf 85' lang='lat' dir='ltr'>dandae]</span> <span class='ocrx_word' id='word_1_293' title='bbox 300 4116 424 4170; x_wconf 89' lang='lat' dir='ltr'>conditae</span> <span class='ocrx_word' id='word_1_294' title='bbox 442 4116 508 4171; x_wconf 83' lang='lat' dir='ltr'>PR¹</span> <span class='ocrx_word' id='word_1_295' title='bbox 615 4119 722 4186; x_wconf 80' lang='lat' dir='ltr'>natura]</span> <span class='ocrx_word' id='word_1_296' title='bbox 742 4119 866 4171; x_wconf 85' lang='lat' dir='ltr'>creatura</span> <span class='ocrx_word' id='word_1_297' title='bbox 884 4115 947 4171; x_wconf 81' lang='lat' dir='ltr'>SE²</span> <span class='ocrx_word' id='word_1_298' title='bbox 1036 4116 1069 4170; x_wconf 85' lang='lat'>13</span> <span class='ocrx_word' id='word_1_299' title='bbox 1088 4116 1213 4170; x_wconf 82' lang='lat' dir='ltr'>facienda</span> <span class='ocrx_word' id='word_1_300' title='bbox 1234 4116 1314 4171; x_wconf 85' lang='lat' dir='ltr'>EPS</span> 
     </span>
     <span class='ocr_line' id='line_1_34' title="bbox 164 4204 1312 4275; baseline -0.001 -15"><span class='ocrx_word' id='word_1_301' title='bbox 164 4206 317 4271; x_wconf 75' lang='lat' dir='ltr'>audiuimus</span> <span class='ocrx_word' id='word_1_302' title='bbox 336 4206 376 4260; x_wconf 85' lang='lat' dir='ltr'>E¹</span> <span class='ocrx_word' id='word_1_303' title='bbox 458 4208 490 4259; x_wconf 90' lang='grc'>14</span> <span class='ocrx_word' id='word_1_304' title='bbox 510 4207 548 4275; x_wconf 87' lang='lat' dir='ltr'>et]</span> <span class='ocrx_word' id='word_1_305' title='bbox 567 4223 598 4260; x_wconf 85' lang='lat' dir='ltr'>ac</span> <span class='ocrx_word' id='word_1_306' title='bbox 617 4206 654 4259; x_wconf 83' lang='lat' dir='ltr'>bd</span> <span class='ocrx_word' id='word_1_307' title='bbox 737 4207 771 4259; x_wconf 82' lang='lat'>21</span> <span class='ocrx_word' id='word_1_308' title='bbox 791 4207 907 4274; x_wconf 88' lang='lat' dir='ltr'>nostras]</span> <span class='ocrx_word' id='word_1_309' title='bbox 928 4205 1029 4260; x_wconf 80' lang='lat' dir='ltr'>scasS</span> <span class='ocrx_word' id='word_1_310' title='bbox 1111 4206 1145 4258; x_wconf 89' lang='grc'>22</span> <span class='ocrx_word' id='word_1_311' title='bbox 1164 4206 1219 4275; x_wconf 88' lang='lat' dir='ltr'>bis]</span> <span class='ocrx_word' id='word_1_312' title='bbox 1238 4204 1312 4259; x_wconf 83' lang='lat' dir='ltr'>iisd</span> 
     </span>
     <span class='ocr_line' id='line_1_35' title="bbox 162 4292 1312 4367; baseline -0.001 -18"><span class='ocrx_word' id='word_1_313' title='bbox 162 4296 197 4351; x_wconf 87' lang='grc'>23</span> <span class='ocrx_word' id='word_1_314' title='bbox 210 4296 352 4367; x_wconf 80' lang='lat' dir='ltr'>protutura</span> <span class='ocrx_word' id='word_1_315' title='bbox 366 4294 404 4347; x_wconf 87' lang='lat' dir='ltr'>P¹</span> <span class='ocrx_word' id='word_1_316' title='bbox 475 4294 628 4349; x_wconf 86' lang='lat' dir='ltr'>dicentibus</span> <span class='ocrx_word' id='word_1_317' title='bbox 643 4296 668 4347; x_wconf 94' lang='lat' dir='ltr'><em>P</em></span> <span class='ocrx_word' id='word_1_318' title='bbox 714 4296 749 4348; x_wconf 85' lang='grc'>24</span> <span class='ocrx_word' id='word_1_319' title='bbox 762 4296 893 4364; x_wconf 88' lang='lat' dir='ltr'>pretiosa]</span> <span class='ocrx_word' id='word_1_320' title='bbox 909 4294 1013 4364; x_wconf 83' lang='lat' dir='ltr'>prolixa</span> <span class='ocrx_word' id='word_1_321' title='bbox 1026 4294 1042 4347; x_wconf 88' lang='lat' dir='ltr'>b</span> <span class='ocrx_word' id='word_1_322' title='bbox 1056 4295 1194 4363; x_wconf 79' lang='lat' dir='ltr'>praetiosa</span> <span class='ocrx_word' id='word_1_323' title='bbox 1206 4292 1312 4348; x_wconf 84' lang='lat' dir='ltr'><strong><em>EPRS</em></strong></span> 
     </span>
     <span class='ocr_line' id='line_1_36' title="bbox 163 4381 1219 4455; baseline -0.001 -19"><span class='ocrx_word' id='word_1_324' title='bbox 163 4386 198 4438; x_wconf 88' lang='grc'>26</span> <span class='ocrx_word' id='word_1_325' title='bbox 216 4385 315 4455; x_wconf 86' lang='lat' dir='ltr'>sphera</span> <span class='ocrx_word' id='word_1_326' title='bbox 332 4382 438 4439; x_wconf 77' lang='lat' dir='ltr'><strong><em>EPRS</em></strong></span> <span class='ocrx_word' id='word_1_327' title='bbox 453 4385 565 4455; x_wconf 74' lang='lat' dir='ltr'>sperab</span> <span class='ocrx_word' id='word_1_328' title='bbox 638 4383 703 4438; x_wconf 91' lang='lat' dir='ltr'>nudi</span> <span class='ocrx_word' id='word_1_329' title='bbox 722 4401 774 4454; x_wconf 88' lang='lat' dir='ltr'>que</span> <span class='ocrx_word' id='word_1_330' title='bbox 793 4384 821 4437; x_wconf 94' lang='lat' dir='ltr'><strong><em>P</em></strong></span> <span class='ocrx_word' id='word_1_331' title='bbox 890 4387 963 4437; x_wconf 86' lang='lat' dir='ltr'>terra</span> <span class='ocrx_word' id='word_1_332' title='bbox 981 4383 1019 4437; x_wconf 77' lang='grc' dir='ltr'>Ει</span> <span class='ocrx_word' id='word_1_333' title='bbox 1075 4382 1109 4436; x_wconf 84' lang='grc'>27</span> <span class='ocrx_word' id='word_1_334' title='bbox 1130 4399 1161 4436; x_wconf 83' lang='lat' dir='ltr'>ee</span> <span class='ocrx_word' id='word_1_335' title='bbox 1180 4381 1219 4435; x_wconf 85' lang='lat' dir='ltr'>E¹</span> 
     </span>
    </p>
   </div>
   <div class='ocr_carea' id='block_1_4' title="bbox 0 0 1584 4950">
    <p class='ocr_par' dir='ltr' id='par_1_4' title="bbox 0 0 1584 4950">
     <span class='ocr_line' id='line_1_37' title="bbox 0 0 1584 4950; baseline 0 2"><span class='ocrx_word' id='word_1_336' title='bbox 0 0 1584 4950; x_wconf 95' lang='lat' dir='ltr'> </span> 
     </span>
    </p>
   </div>
  </div>
 </body>
</html>
