3159 4950
242 469 307 532 456
598 466 624 521 S.
652 466 789 521 Aureli
816 469 1031 539 Augustini
1132 481 1135 488 ’

358 667 432 725 LXV
456 666 549 725 Etiam
580 666 660 725 sinus
683 658 818 755 Abrobns
837 671 915 753 ‘post
940 668 1017 727 hanc
1038 662 1129 727 uitnrn
1151 667 1306 743 paradisus
1330 668 1388 729 dici

454 758 562 829 potest.
684 766 686 771 ’
848 769 850 772 ’

339 844 431 904 LXVI
452 844 542 904 Inferi
565 844 705 920 appellati
729 849 799 905 sunt
820 862 852 905 oo
876 847 954 921 quod
975 846 1053 905 infru
1075 849 1153 905 sunt.

326 934 433 993 LXVII
455 933 572 1009 Repetit
595 938 624 993 st
645 934 777 994 inslnuat
800 936 958 994 secundum
981 936 1039 994 tria
1060 936 1112 994 illa
1130 952 1238 1010 genera
1259 936 1387 996 nisorum

454 1024 578 1098 primum
603 1026 632 1083 ot
654 1025 813 1083 secundum
836 1028 866 1083 st
886 1015 1004 1083 tortium
1028 1025 1149 1085 coslum.

309 1112 432 1195 LXVIIi
454 1112 484 1171 Si
508 1130 591 1187 quom
615 1116 721 1185 mouet,
746 1114 815 1188 quiri
834 1131 907 1189 opus
925 1114 964 1173 sit
981 1106 1162 1189 spiritalibus
1185 1114 1386 1175 detunctorum

457 1217 580 1277 corpora
602 1203 707 1261 suain
730 1203 939 1263 resurrections
962 1203 1099 1278 rocipsro.

295 1289 431 1350 LXVIIII
453 1290 533 1349 Dicit
559 1291 707 1365 sapientes
735 1292 777 1351 its
804 1292 834 1350 in
862 1292 908 1351 his
936 1292 1009 1353 uisis
1032 1288 1231 1366 corporalibus
1255 1310 1329 1365 osso,
1353 1297 1386 1353 ut

456 1379 497 1439 ois
521 1396 675 1455 uotumque
699 1380 939 1441 similitudinibus
961 1382 1049 1457 longo
1072 1380 1298 1457 praestantiores
1322 1400 1386 1442 esse

454 1468 664 1545 intellegobllia
685 1469 850 1530 uideantur.
1224 1536 1230 1548 Ι
1405 1486 1430 1527 ιι

358 1558 433 1617 LXX
455 1558 523 1617 'fria
554 1558 606 1617 illa
637 1576 746 1634 gonsra
776 1559 904 1619 uisurum
936 1559 1054 1634 qnidam
1086 1560 1128 1619 ita
1154 1565 1324 1634 posuerunt,
1353 1565 1386 1620 ut

454 1646 577 1721 primurn
602 1647 731 1708 diuorent
753 1648 914 1725 corporale,
938 1651 1096 1709 secundum
1114 1650 1249 1722 animato,
1268 1651 1385 1709 tertium

455 1736 595 1812 spiritale.

538 1884 539 1887 ’
630 1880 839 1955 Expliousrunt
860 1880 998 1956 capitula.

298 2018 425 2092 Explicit
445 2018 520 2079 liber
543 2020 728 2081 duodecimus
752 2022 787 2081 ds
811 2024 911 2106 genesi
934 2024 971 2082 ad
993 2022 1121 2082 litteram
1145 2024 1198 2083 deo
1222 2024 1342 2099 gratias.

275 2206 474 2280 9eorunnquao
547 2208 773 2263 similitudinibus
793 2210 834 2276 (ni
850 2224 872 2265 o.
894 2210 909 2264 i
930 2227 964 2264 m.
983 2214 1009 2276 1)
1083 2209 1152 2281 esse]
1171 2227 1201 2265 se
1274 2212 1307 2266 12
1326 2227 1383 2265 cor·

241 2278 361 2346 porulum
434 2278 579 2333 animalem
651 2281 801 2349 spiritalem
