<?xml version="1.0" encoding="UTF-8"?>
<!DOCTYPE html PUBLIC "-//W3C//DTD XHTML 1.0 Transitional//EN"
    "http://www.w3.org/TR/xhtml1/DTD/xhtml1-transitional.dtd">
<html xmlns="http://www.w3.org/1999/xhtml" xml:lang="en" lang="en">
 <head>
  <title>
</title>
<meta http-equiv="Content-Type" content="text/html;charset=utf-8" />
  <meta name='ocr-system' content='tesseract 3.04.00' />
  <meta name='ocr-capabilities' content='ocr_page ocr_carea ocr_par ocr_line ocrx_word'/>
</head>
<body>
  <div class='ocr_page' id='page_1' title='image "./corpusscriptoru10wiengoog_0492.png"; bbox 0 0 3159 4950; ppageno 0'>
   <div class='ocr_carea' id='block_1_1' title="bbox 254 513 1239 586">
    <p class='ocr_par' dir='ltr' id='par_1_1' title="bbox 254 513 1239 586">
     <span class='ocr_line' id='line_1_1' title="bbox 254 513 1239 586; baseline -0.006 -12"><span class='ocrx_word' id='word_1_1' title='bbox 254 519 320 583; x_wconf 82' lang='lat'>466</span> <span class='ocrx_word' id='word_1_2' title='bbox 421 516 448 571; x_wconf 84' lang='lat' dir='ltr'>S.</span> <span class='ocrx_word' id='word_1_3' title='bbox 472 516 586 570; x_wconf 82' lang='lat' dir='ltr'><strong>Aureli</strong></span> <span class='ocrx_word' id='word_1_4' title='bbox 610 515 796 586; x_wconf 77' lang='lat' dir='ltr'><strong>Augustini</strong></span> <span class='ocrx_word' id='word_1_5' title='bbox 819 514 857 569; x_wconf 82' lang='lat' dir='ltr'>de</span> <span class='ocrx_word' id='word_1_6' title='bbox 880 513 1004 570; x_wconf 79' lang='lat' dir='ltr'>Genesi</span> <span class='ocrx_word' id='word_1_7' title='bbox 1028 514 1068 569; x_wconf 86' lang='lat' dir='ltr'>ad</span> <span class='ocrx_word' id='word_1_8' title='bbox 1086 515 1239 569; x_wconf 85' lang='lat' dir='ltr'>litteram</span> 
     </span>
    </p>
   </div>
   <div class='ocr_carea' id='block_1_2' title="bbox 255 709 1458 1968">
    <p class='ocr_par' dir='ltr' id='par_1_2' title="bbox 255 709 1404 1117">
     <span class='ocr_line' id='line_1_2' title="bbox 256 709 1402 794; baseline 0 -19"><span class='ocrx_word' id='word_1_9' title='bbox 256 712 397 794; x_wconf 79' lang='lat' dir='ltr'>inparata</span> <span class='ocrx_word' id='word_1_10' title='bbox 421 713 453 777; x_wconf 90' lang='lat' dir='ltr'>et</span> <span class='ocrx_word' id='word_1_11' title='bbox 474 712 623 776; x_wconf 76' lang='lat' dir='ltr'><strong>tenebrae</strong></span> <span class='ocrx_word' id='word_1_12' title='bbox 646 729 743 794; x_wconf 89' lang='lat' dir='ltr'>super</span> <span class='ocrx_word' id='word_1_13' title='bbox 761 711 905 794; x_wconf 85' lang='lat' dir='ltr'>abysum,</span> <span class='ocrx_word' id='word_1_14' title='bbox 924 709 958 774; x_wconf 84' lang='lat' dir='ltr'>id</span> <span class='ocrx_word' id='word_1_15' title='bbox 976 713 1032 776; x_wconf 89' lang='lat' dir='ltr'>est.</span> <span class='ocrx_word' id='word_1_16' title='bbox 1044 730 1138 794; x_wconf 91' lang='lat' dir='ltr'>super</span> <span class='ocrx_word' id='word_1_17' title='bbox 1154 710 1402 793; x_wconf 76' lang='lat' dir='ltr'><strong>profunditatem</strong></span> 
     </span>
     <span class='ocr_line' id='line_1_3' title="bbox 255 816 1404 900; baseline -0.002 -17"><span class='ocrx_word' id='word_1_18' title='bbox 255 817 487 883; x_wconf 82' lang='lat' dir='ltr'>uastissimam:</span> <span class='ocrx_word' id='word_1_19' title='bbox 512 836 592 900; x_wconf 88' lang='lat' dir='ltr'>quae</span> <span class='ocrx_word' id='word_1_20' title='bbox 615 836 726 883; x_wconf 86' lang='lat' dir='ltr'>rursus</span> <span class='ocrx_word' id='word_1_21' title='bbox 749 816 951 900; x_wconf 86' lang='lat' dir='ltr'>profunditas</span> <span class='ocrx_word' id='word_1_22' title='bbox 975 836 1011 883; x_wconf 87' lang='lat' dir='ltr'>er</span> <span class='ocrx_word' id='word_1_23' title='bbox 1034 836 1071 882; x_wconf 91' lang='lat' dir='ltr'>eo</span> <span class='ocrx_word' id='word_1_24' title='bbox 1090 817 1225 883; x_wconf 84' lang='lat' dir='ltr'>fortasse</span> <span class='ocrx_word' id='word_1_25' title='bbox 1244 818 1404 883; x_wconf 89' lang='lat' dir='ltr'>nominata</span> 
     </span>
     <span class='ocr_line' id='line_1_4' title="bbox 257 922 1403 1008; baseline -0.001 -19"><span class='ocrx_word' id='word_1_26' title='bbox 257 927 317 1003; x_wconf 88' lang='lat' dir='ltr'>est,</span> <span class='ocrx_word' id='word_1_27' title='bbox 354 924 428 1008; x_wconf 89' lang='lat' dir='ltr'>quia</span> <span class='ocrx_word' id='word_1_28' title='bbox 463 924 584 989; x_wconf 89' lang='lat' dir='ltr'>nullius</span> <span class='ocrx_word' id='word_1_29' title='bbox 621 923 844 1008; x_wconf 76' lang='lat' dir='ltr'>intellegentia</span> <span class='ocrx_word' id='word_1_30' title='bbox 878 925 1008 1007; x_wconf 88' lang='lat' dir='ltr'>propter</span> <span class='ocrx_word' id='word_1_31' title='bbox 1038 922 1142 1007; x_wconf 87' lang='lat' dir='ltr'>ipsam</span> <span class='ocrx_word' id='word_1_32' title='bbox 1177 924 1403 990; x_wconf 81' lang='lat' dir='ltr'>informitatem</span> 
     </span>
     <span class='ocr_line' id='line_1_5' title="bbox 257 1032 554 1117; baseline 0 -20"><span class='ocrx_word' id='word_1_33' title='bbox 257 1032 415 1117; x_wconf 89' lang='lat' dir='ltr'>penetrari</span> <span class='ocrx_word' id='word_1_34' title='bbox 437 1033 554 1115; x_wconf 78' lang='lat' dir='ltr'>potest.</span> 
     </span>
    </p>

    <p class='ocr_par' dir='ltr' id='par_1_3' title="bbox 259 1134 1458 1968">
     <span class='ocr_line' id='line_1_6' title="bbox 302 1134 1455 1221; baseline -0.003 -19"><span class='ocrx_word' id='word_1_35' title='bbox 302 1138 349 1203; x_wconf 80' lang='lat' dir='ltr'>ut</span> <span class='ocrx_word' id='word_1_36' title='bbox 370 1135 549 1201; x_wconf 85' lang='lat' dir='ltr'>tenebrae</span> <span class='ocrx_word' id='word_1_37' title='bbox 568 1138 678 1201; x_wconf 89' lang='lat' dir='ltr'>erant</span> <span class='ocrx_word' id='word_1_38' title='bbox 701 1154 814 1219; x_wconf 89' lang='lat' dir='ltr'>super</span> <span class='ocrx_word' id='word_1_39' title='bbox 835 1134 971 1201; x_wconf 85' lang='lat' dir='ltr'>faeiem</span> <span class='ocrx_word' id='word_1_40' title='bbox 995 1136 1134 1221; x_wconf 75' lang='lat' dir='ltr'>abyssi.</span> <span class='ocrx_word' id='word_1_41' title='bbox 1163 1140 1270 1201; x_wconf 89' lang='lat' dir='ltr'>utrum</span> <span class='ocrx_word' id='word_1_42' title='bbox 1295 1136 1406 1202; x_wconf 78' lang='lat' dir='ltr'>subter</span> <span class='ocrx_word' id='word_1_43' title='bbox 1437 1157 1455 1200; x_wconf 73' lang='lat' dir='ltr'>a</span> 
     </span>
     <span class='ocr_line' id='line_1_7' title="bbox 259 1242 1404 1329; baseline -0.003 -19"><span class='ocrx_word' id='word_1_44' title='bbox 259 1246 393 1329; x_wconf 83' lang='lat' dir='ltr'>abyssus</span> <span class='ocrx_word' id='word_1_45' title='bbox 409 1246 476 1308; x_wconf 89' lang='lat' dir='ltr'>erat</span> <span class='ocrx_word' id='word_1_46' title='bbox 490 1245 523 1308; x_wconf 89' lang='lat' dir='ltr'>et</span> <span class='ocrx_word' id='word_1_47' title='bbox 536 1261 632 1326; x_wconf 88' lang='lat' dir='ltr'>supra</span> <span class='ocrx_word' id='word_1_48' title='bbox 650 1242 810 1321; x_wconf 84' lang='lat' dir='ltr'>tenebrae,</span> <span class='ocrx_word' id='word_1_49' title='bbox 826 1242 919 1325; x_wconf 85' lang='lat' dir='ltr'>qnasi</span> <span class='ocrx_word' id='word_1_50' title='bbox 934 1242 999 1307; x_wconf 89' lang='lat' dir='ltr'>iam</span> <span class='ocrx_word' id='word_1_51' title='bbox 1018 1244 1091 1309; x_wconf 87' lang='lat' dir='ltr'>loca</span> <span class='ocrx_word' id='word_1_52' title='bbox 1109 1244 1260 1310; x_wconf 82' lang='lat' dir='ltr'>distinata</span> <span class='ocrx_word' id='word_1_53' title='bbox 1278 1246 1404 1309; x_wconf 74' lang='lat' dir='ltr'>esseut?</span> 
     </span>
     <span class='ocr_line' id='line_1_8' title="bbox 259 1349 1404 1435; baseline -0.002 -18"><span class='ocrx_word' id='word_1_54' title='bbox 259 1372 298 1417; x_wconf 92' lang='lat' dir='ltr'>an</span> <span class='ocrx_word' id='word_1_55' title='bbox 327 1351 476 1435; x_wconf 87' lang='lat' dir='ltr'>quoniam</span> <span class='ocrx_word' id='word_1_56' title='bbox 504 1349 655 1415; x_wconf 88' lang='lat' dir='ltr'>materiae</span> <span class='ocrx_word' id='word_1_57' title='bbox 684 1349 786 1415; x_wconf 87' lang='lat' dir='ltr'>adhue</span> <span class='ocrx_word' id='word_1_58' title='bbox 816 1350 960 1417; x_wconf 86' lang='lat' dir='ltr'>confusio</span> <span class='ocrx_word' id='word_1_59' title='bbox 990 1352 1166 1433; x_wconf 83' lang='lat' dir='ltr'>exponitur,</span> <span class='ocrx_word' id='word_1_60' title='bbox 1196 1351 1404 1435; x_wconf 85' lang='lat' dir='ltr'>quodetiam</span> 
     </span>
     <span class='ocr_line' id='line_1_9' title="bbox 259 1454 1411 1541; baseline -0.001 -20"><span class='ocrx_word' id='word_1_61' title='bbox 259 1460 337 1538; x_wconf 79' lang='grc' dir='ltr'>χάος</span> <span class='ocrx_word' id='word_1_62' title='bbox 361 1474 472 1541; x_wconf 79' lang='lat' dir='ltr'>graece</span> <span class='ocrx_word' id='word_1_63' title='bbox 497 1454 622 1534; x_wconf 88' lang='lat' dir='ltr'>dicitur,</span> <span class='ocrx_word' id='word_1_64' title='bbox 642 1454 714 1519; x_wconf 87' lang='lat' dir='ltr'>ideo</span> <span class='ocrx_word' id='word_1_65' title='bbox 734 1454 856 1520; x_wconf 88' lang='lat' dir='ltr'>dietum</span> <span class='ocrx_word' id='word_1_66' title='bbox 876 1458 940 1521; x_wconf 91' lang='lat' dir='ltr'>est:</span> <span class='ocrx_word' id='word_1_67' title='bbox 965 1456 1144 1522; x_wconf 85' lang='lat' dir='ltr'>tenebrae</span> <span class='ocrx_word' id='word_1_68' title='bbox 1167 1459 1274 1521; x_wconf 88' lang='lat' dir='ltr'>erant</span> <span class='ocrx_word' id='word_1_69' title='bbox 1297 1475 1411 1540; x_wconf 91' lang='lat' dir='ltr'>super</span> 
     </span>
     <span class='ocr_line' id='line_1_10' title="bbox 261 1562 1408 1647; baseline -0.003 -18"><span class='ocrx_word' id='word_1_70' title='bbox 261 1564 453 1647; x_wconf 80' lang='lat' dir='ltr'>abyssum,</span> <span class='ocrx_word' id='word_1_71' title='bbox 488 1562 562 1645; x_wconf 90' lang='lat' dir='ltr'>quia</span> <span class='ocrx_word' id='word_1_72' title='bbox 593 1562 647 1627; x_wconf 85' lang='lat' dir='ltr'>lux</span> <span class='ocrx_word' id='word_1_73' title='bbox 679 1579 741 1627; x_wconf 95' lang='lat' dir='ltr'>non</span> <span class='ocrx_word' id='word_1_74' title='bbox 765 1565 853 1627; x_wconf 84' lang='lat' dir='ltr'>erat?</span> <span class='ocrx_word' id='word_1_75' title='bbox 886 1580 966 1645; x_wconf 87' lang='lat' dir='ltr'>quae</span> <span class='ocrx_word' id='word_1_76' title='bbox 994 1562 1022 1628; x_wconf 93' lang='lat' dir='ltr'>si</span> <span class='ocrx_word' id='word_1_77' title='bbox 1050 1564 1147 1641; x_wconf 88' lang='lat' dir='ltr'>esset,</span> <span class='ocrx_word' id='word_1_78' title='bbox 1174 1563 1286 1646; x_wconf 92' lang='lat' dir='ltr'>utique</span> <span class='ocrx_word' id='word_1_79' title='bbox 1313 1581 1408 1645; x_wconf 89' lang='lat' dir='ltr'>supra</span> 
     </span>
     <span class='ocr_line' id='line_1_11' title="bbox 262 1668 1458 1753; baseline -0.003 -17"><span class='ocrx_word' id='word_1_80' title='bbox 262 1675 357 1747; x_wconf 88' lang='lat' dir='ltr'>esset,</span> <span class='ocrx_word' id='word_1_81' title='bbox 388 1670 462 1753; x_wconf 90' lang='lat' dir='ltr'>quia</span> <span class='ocrx_word' id='word_1_82' title='bbox 489 1671 577 1735; x_wconf 86' lang='lat' dir='ltr'>esset</span> <span class='ocrx_word' id='word_1_83' title='bbox 604 1668 794 1734; x_wconf 89' lang='lat' dir='ltr'>eminentior</span> <span class='ocrx_word' id='word_1_84' title='bbox 825 1672 858 1733; x_wconf 90' lang='lat' dir='ltr'>et</span> <span class='ocrx_word' id='word_1_85' title='bbox 880 1688 927 1747; x_wconf 87' lang='lat' dir='ltr'>ea,</span> <span class='ocrx_word' id='word_1_86' title='bbox 952 1688 1032 1752; x_wconf 89' lang='lat' dir='ltr'>quae</span> <span class='ocrx_word' id='word_1_87' title='bbox 1056 1669 1458 1747; x_wconf 79' lang='lat' dir='ltr'>sibisubieetaerant,1o</span> 
     </span>
     <span class='ocr_line' id='line_1_12' title="bbox 261 1774 1409 1861; baseline -0.003 -18"><span class='ocrx_word' id='word_1_88' title='bbox 261 1776 474 1843; x_wconf 87' lang='lat' dir='ltr'>inluminaret.</span> <span class='ocrx_word' id='word_1_89' title='bbox 512 1779 545 1840; x_wconf 90' lang='lat' dir='ltr'>et</span> <span class='ocrx_word' id='word_1_90' title='bbox 582 1794 691 1840; x_wconf 90' lang='lat' dir='ltr'>reuera</span> <span class='ocrx_word' id='word_1_91' title='bbox 723 1775 779 1857; x_wconf 90' lang='lat' dir='ltr'>qui</span> <span class='ocrx_word' id='word_1_92' title='bbox 811 1774 984 1860; x_wconf 83' lang='lat' dir='ltr'>diligenter</span> <span class='ocrx_word' id='word_1_93' title='bbox 1020 1775 1199 1842; x_wconf 75' lang='lat' dir='ltr'>considerat</span> <span class='ocrx_word' id='word_1_94' title='bbox 1235 1776 1312 1861; x_wconf 89' lang='lat' dir='ltr'>quid</span> <span class='ocrx_word' id='word_1_95' title='bbox 1345 1776 1409 1841; x_wconf 91' lang='lat' dir='ltr'>sint</span> 
     </span>
     <span class='ocr_line' id='line_1_13' title="bbox 262 1880 1410 1968; baseline -0.003 -19"><span class='ocrx_word' id='word_1_96' title='bbox 262 1885 419 1961; x_wconf 86' lang='lat' dir='ltr'>tenebrae,</span> <span class='ocrx_word' id='word_1_97' title='bbox 442 1880 523 1947; x_wconf 88' lang='lat' dir='ltr'>nihil</span> <span class='ocrx_word' id='word_1_98' title='bbox 546 1880 634 1945; x_wconf 88' lang='lat' dir='ltr'>aliud</span> <span class='ocrx_word' id='word_1_99' title='bbox 656 1880 780 1947; x_wconf 90' lang='lat' dir='ltr'>inuenit</span> <span class='ocrx_word' id='word_1_100' title='bbox 802 1900 897 1964; x_wconf 91' lang='lat' dir='ltr'>quam</span> <span class='ocrx_word' id='word_1_101' title='bbox 919 1881 1003 1947; x_wconf 88' lang='lat' dir='ltr'>lueis</span> <span class='ocrx_word' id='word_1_102' title='bbox 1027 1882 1214 1949; x_wconf 85' lang='lat' dir='ltr'>absentiam.</span> <span class='ocrx_word' id='word_1_103' title='bbox 1242 1882 1289 1949; x_wconf 90' lang='lat' dir='ltr'>ita</span> <span class='ocrx_word' id='word_1_104' title='bbox 1310 1883 1410 1968; x_wconf 82' lang='lat' dir='ltr'>igitur</span> 
     </span>
    </p>
   </div>
   <div class='ocr_carea' id='block_1_3' title="bbox 151 1987 1409 2072">
    <p class='ocr_par' dir='ltr' id='par_1_4' title="bbox 151 1987 1409 2072">
     <span class='ocr_line' id='line_1_14' title="bbox 151 1987 1409 2072; baseline -0.002 -17"><span class='ocrx_word' id='word_1_105' title='bbox 151 2058 154 2063; x_wconf 15' lang='grc' dir='ltr'><strong>Δ</strong></span> <span class='ocrx_word' id='word_1_106' title='bbox 264 1991 384 2056; x_wconf 87' lang='lat' dir='ltr'>dietum</span> <span class='ocrx_word' id='word_1_107' title='bbox 408 1993 471 2055; x_wconf 87' lang='lat' dir='ltr'>est:</span> <span class='ocrx_word' id='word_1_108' title='bbox 495 1989 674 2055; x_wconf 88' lang='lat' dir='ltr'>tenebrae</span> <span class='ocrx_word' id='word_1_109' title='bbox 699 1992 805 2053; x_wconf 90' lang='lat' dir='ltr'>erant</span> <span class='ocrx_word' id='word_1_110' title='bbox 828 2007 941 2071; x_wconf 84' lang='lat' dir='ltr'>super</span> <span class='ocrx_word' id='word_1_111' title='bbox 962 1987 1151 2072; x_wconf 83' lang='lat' dir='ltr'>abyssum,</span> <span class='ocrx_word' id='word_1_112' title='bbox 1176 2007 1212 2054; x_wconf 88' lang='lat' dir='ltr'>ae</span> <span class='ocrx_word' id='word_1_113' title='bbox 1235 1989 1264 2054; x_wconf 92' lang='lat' dir='ltr'>si</span> <span class='ocrx_word' id='word_1_114' title='bbox 1287 1989 1409 2054; x_wconf 88' lang='lat' dir='ltr'>dietum</span> 
     </span>
    </p>
   </div>
   <div class='ocr_carea' id='block_1_4' title="bbox 178 2095 1463 2708">
    <p class='ocr_par' dir='ltr' id='par_1_5' title="bbox 178 2095 1463 2708">
     <span class='ocr_line' id='line_1_15' title="bbox 265 2095 1409 2179; baseline -0.001 -17"><span class='ocrx_word' id='word_1_115' title='bbox 265 2100 364 2163; x_wconf 77' lang='lat' dir='ltr'>essetr</span> <span class='ocrx_word' id='word_1_116' title='bbox 386 2116 448 2161; x_wconf 93' lang='lat' dir='ltr'>non</span> <span class='ocrx_word' id='word_1_117' title='bbox 474 2098 541 2161; x_wconf 86' lang='lat' dir='ltr'>erat</span> <span class='ocrx_word' id='word_1_118' title='bbox 561 2096 616 2160; x_wconf 84' lang='lat' dir='ltr'>lus</span> <span class='ocrx_word' id='word_1_119' title='bbox 640 2114 734 2179; x_wconf 90' lang='lat' dir='ltr'>super</span> <span class='ocrx_word' id='word_1_120' title='bbox 757 2095 920 2178; x_wconf 81' lang='lat' dir='ltr'>abyssum.</span> <span class='ocrx_word' id='word_1_121' title='bbox 946 2098 1136 2178; x_wconf 89' lang='lat' dir='ltr'>quapropter</span> <span class='ocrx_word' id='word_1_122' title='bbox 1154 2096 1232 2160; x_wconf 87' lang='lat' dir='ltr'>ba&#39;ee</span> <span class='ocrx_word' id='word_1_123' title='bbox 1250 2096 1409 2172; x_wconf 83' lang='lat' dir='ltr'>materies,</span> 
     </span>
     <span class='ocr_line' id='line_1_16' title="bbox 264 2200 1463 2287; baseline 0.003 -20"><span class='ocrx_word' id='word_1_124' title='bbox 264 2222 345 2286; x_wconf 90' lang='lat' dir='ltr'>quae</span> <span class='ocrx_word' id='word_1_125' title='bbox 378 2203 585 2287; x_wconf 83' lang='lat' dir='ltr'>consequenti</span> <span class='ocrx_word' id='word_1_126' title='bbox 617 2202 797 2286; x_wconf 87' lang='lat' dir='ltr'>operatione</span> <span class='ocrx_word' id='word_1_127' title='bbox 829 2202 881 2268; x_wconf 86' lang='lat' dir='ltr'>dei</span> <span class='ocrx_word' id='word_1_128' title='bbox 913 2200 945 2266; x_wconf 94' lang='lat' dir='ltr'>in</span> <span class='ocrx_word' id='word_1_129' title='bbox 976 2221 1082 2267; x_wconf 87' lang='lat' dir='ltr'>rernm</span> <span class='ocrx_word' id='word_1_130' title='bbox 1119 2201 1236 2268; x_wconf 82' lang='lat' dir='ltr'>formas</span> <span class='ocrx_word' id='word_1_131' title='bbox 1269 2202 1463 2270; x_wconf 75' lang='lat' dir='ltr'>ordinatura</span> 
     </span>
     <span class='ocr_line' id='line_1_17' title="bbox 265 2296 1412 2394; baseline -0.001 -19"><span class='ocrx_word' id='word_1_132' title='bbox 265 2309 484 2394; x_wconf 83' lang='lat' dir='ltr'>distinguitur,</span> <span class='ocrx_word' id='word_1_133' title='bbox 512 2309 671 2393; x_wconf 90' lang='lat' dir='ltr'>appellata</span> <span class='ocrx_word' id='word_1_134' title='bbox 699 2312 749 2375; x_wconf 90' lang='lat' dir='ltr'>est</span> <span class='ocrx_word' id='word_1_135' title='bbox 775 2312 859 2373; x_wconf 88' lang='lat' dir='ltr'>terra</span> <span class='ocrx_word' id='word_1_136' title='bbox 889 2308 1062 2374; x_wconf 90' lang='lat' dir='ltr'>inuisibilis</span> <span class='ocrx_word' id='word_1_137' title='bbox 1091 2312 1123 2374; x_wconf 90' lang='lat' dir='ltr'>et</span> <span class='ocrx_word' id='word_1_138' title='bbox 1148 2296 1348 2393; x_wconf 74' lang='lat' dir='ltr'>inconposita</span> <span class='ocrx_word' id='word_1_139' title='bbox 1379 2313 1412 2374; x_wconf 88' lang='lat' dir='ltr'>et</span> 
     </span>
     <span class='ocr_line' id='line_1_18' title="bbox 178 2415 1415 2503; baseline -0.002 -19"><span class='ocrx_word' id='word_1_140' title='bbox 178 2457 184 2472; x_wconf 90' lang='lat'>·</span> <span class='ocrx_word' id='word_1_141' title='bbox 225 2487 231 2500; x_wconf 57' lang='grc'>,</span> <span class='ocrx_word' id='word_1_142' title='bbox 265 2416 463 2503; x_wconf 69' lang='lat' dir='ltr'>profunditas</span> <span class='ocrx_word' id='word_1_143' title='bbox 492 2434 602 2484; x_wconf 89' lang='lat' dir='ltr'>earens</span> <span class='ocrx_word' id='word_1_144' title='bbox 629 2416 716 2482; x_wconf 84' lang='lat' dir='ltr'>luce:</span> <span class='ocrx_word' id='word_1_145' title='bbox 745 2436 826 2501; x_wconf 89' lang='lat' dir='ltr'>quae</span> <span class='ocrx_word' id='word_1_146' title='bbox 853 2415 1012 2501; x_wconf 87' lang='lat' dir='ltr'>appellata</span> <span class='ocrx_word' id='word_1_147' title='bbox 1039 2419 1090 2482; x_wconf 89' lang='lat' dir='ltr'>est</span> <span class='ocrx_word' id='word_1_148' title='bbox 1116 2415 1263 2500; x_wconf 88' lang='lat' dir='ltr'>superius</span> <span class='ocrx_word' id='word_1_149' title='bbox 1286 2416 1415 2483; x_wconf 90' lang='lat' dir='ltr'>nomine</span> 
     </span>
     <span class='ocr_line' id='line_1_19' title="bbox 267 2523 1415 2602; baseline -0.001 -13"><span class='ocrx_word' id='word_1_150' title='bbox 267 2525 347 2589; x_wconf 85' lang='lat' dir='ltr'>caeli</span> <span class='ocrx_word' id='word_1_151' title='bbox 379 2525 412 2588; x_wconf 92' lang='lat' dir='ltr'>et</span> <span class='ocrx_word' id='word_1_152' title='bbox 442 2526 544 2590; x_wconf 87' lang='lat' dir='ltr'>terrae</span> <span class='ocrx_word' id='word_1_153' title='bbox 576 2523 679 2590; x_wconf 90' lang='lat' dir='ltr'>ueluti</span> <span class='ocrx_word' id='word_1_154' title='bbox 711 2542 830 2602; x_wconf 89' lang='lat' dir='ltr'>semen,</span> <span class='ocrx_word' id='word_1_155' title='bbox 863 2526 902 2588; x_wconf 89' lang='lat' dir='ltr'>nt</span> <span class='ocrx_word' id='word_1_156' title='bbox 932 2523 995 2588; x_wconf 92' lang='lat' dir='ltr'>iam</span> <span class='ocrx_word' id='word_1_157' title='bbox 1030 2523 1150 2588; x_wconf 87' lang='lat' dir='ltr'>dietum</span> <span class='ocrx_word' id='word_1_158' title='bbox 1185 2527 1245 2602; x_wconf 89' lang='lat' dir='ltr'>est,</span> <span class='ocrx_word' id='word_1_159' title='bbox 1274 2524 1353 2593; x_wconf 86' lang='lat' dir='ltr'>eseli</span> <span class='ocrx_word' id='word_1_160' title='bbox 1381 2527 1415 2589; x_wconf 87' lang='lat' dir='ltr'>et</span> 
     </span>
     <span class='ocr_line' id='line_1_20' title="bbox 266 2629 1414 2708; baseline -0.001 -12"><span class='ocrx_word' id='word_1_161' title='bbox 266 2633 377 2708; x_wconf 88' lang='lat' dir='ltr'>terrae,</span> <span class='ocrx_word' id='word_1_162' title='bbox 403 2631 430 2695; x_wconf 91' lang='lat' dir='ltr'>si</span> <span class='ocrx_word' id='word_1_163' title='bbox 452 2634 559 2696; x_wconf 89' lang='lat' dir='ltr'>tamen</span> <span class='ocrx_word' id='word_1_164' title='bbox 583 2649 644 2696; x_wconf 93' lang='lat' dir='ltr'>non</span> <span class='ocrx_word' id='word_1_165' title='bbox 669 2631 794 2695; x_wconf 87' lang='lat' dir='ltr'>eaelum</span> <span class='ocrx_word' id='word_1_166' title='bbox 818 2632 851 2695; x_wconf 89' lang='lat' dir='ltr'>et</span> <span class='ocrx_word' id='word_1_167' title='bbox 872 2633 988 2696; x_wconf 91' lang='lat' dir='ltr'>terram</span> <span class='ocrx_word' id='word_1_168' title='bbox 1016 2629 1148 2696; x_wconf 76' lang='lat' dir='ltr'>dicendo</span> <span class='ocrx_word' id='word_1_169' title='bbox 1171 2630 1414 2695; x_wconf 89' lang='lat' dir='ltr'>uniuersitatem</span> 
     </span>
    </p>
   </div>
   <div class='ocr_carea' id='block_1_5' title="bbox 268 2736 1465 2928">
    <p class='ocr_par' dir='ltr' id='par_1_6' title="bbox 268 2736 1465 2928">
     <span class='ocr_line' id='line_1_21' title="bbox 268 2736 1465 2820; baseline -0.006 -19"><span class='ocrx_word' id='word_1_170' title='bbox 268 2737 356 2820; x_wconf 90' lang='lat' dir='ltr'>prius</span> <span class='ocrx_word' id='word_1_171' title='bbox 388 2755 562 2820; x_wconf 87' lang='lat' dir='ltr'>proponere</span> <span class='ocrx_word' id='word_1_172' title='bbox 594 2737 709 2814; x_wconf 89' lang='lat' dir='ltr'>noluit,</span> <span class='ocrx_word' id='word_1_173' title='bbox 742 2739 779 2800; x_wconf 91' lang='lat' dir='ltr'>ut</span> <span class='ocrx_word' id='word_1_174' title='bbox 810 2739 923 2819; x_wconf 90' lang='lat' dir='ltr'>postea</span> <span class='ocrx_word' id='word_1_175' title='bbox 953 2736 1114 2802; x_wconf 88' lang='lat' dir='ltr'>insinuata</span> <span class='ocrx_word' id='word_1_176' title='bbox 1145 2737 1276 2802; x_wconf 87' lang='lat' dir='ltr'>materie</span> <span class='ocrx_word' id='word_1_177' title='bbox 1306 2737 1465 2802; x_wconf 80' lang='lat' dir='ltr'>mundiao</span> 
     </span>
     <span class='ocr_line' id='line_1_22' title="bbox 268 2845 613 2928; baseline 0 -21"><span class='ocrx_word' id='word_1_178' title='bbox 268 2845 373 2928; x_wconf 81' lang='lat' dir='ltr'>partes</span> <span class='ocrx_word' id='word_1_179' title='bbox 398 2845 613 2924; x_wconf 87' lang='lat' dir='ltr'>exequeretur.</span> 
     </span>
    </p>
   </div>
   <div class='ocr_carea' id='block_1_6' title="bbox 314 2949 1416 3034">
    <p class='ocr_par' dir='ltr' id='par_1_7' title="bbox 314 2949 1416 3034">
     <span class='ocr_line' id='line_1_23' title="bbox 314 2949 1416 3034; baseline 0.001 -20"><span class='ocrx_word' id='word_1_180' title='bbox 314 2951 368 3014; x_wconf 79' lang='lat' dir='ltr'>Et</span> <span class='ocrx_word' id='word_1_181' title='bbox 392 2949 553 3033; x_wconf 89' lang='lat' dir='ltr'>spiritus</span> <span class='ocrx_word' id='word_1_182' title='bbox 586 2949 658 3014; x_wconf 84' lang='lat' dir='ltr'>dei·</span> <span class='ocrx_word' id='word_1_183' title='bbox 679 2949 991 3034; x_wconf 86' lang='lat' dir='ltr'>superierebatur</span> <span class='ocrx_word' id='word_1_184' title='bbox 1011 2968 1136 3032; x_wconf 65' lang='lat' dir='ltr'>&#39;super</span> <span class='ocrx_word' id='word_1_185' title='bbox 1167 2968 1309 3034; x_wconf 78' lang='lat' dir='ltr'>aquam.</span> <span class='ocrx_word' id='word_1_186' title='bbox 1342 2969 1416 3015; x_wconf 88' lang='lat' dir='ltr'>nus-</span> 
     </span>
    </p>
   </div>
   <div class='ocr_carea' id='block_1_7' title="bbox 165 3047 1417 3141">
    <p class='ocr_par' dir='ltr' id='par_1_8' title="bbox 165 3047 1417 3141">
     <span class='ocr_line' id='line_1_24' title="bbox 165 3047 1417 3141; baseline 0 -20"><span class='ocrx_word' id='word_1_187' title='bbox 165 3131 169 3141; x_wconf 40' lang='lat'><em>,</em></span> <span class='ocrx_word' id='word_1_188' title='bbox 270 3056 526 3140; x_wconf 65' lang='lat' dir='ltr'>quamedirerat:</span> <span class='ocrx_word' id='word_1_189' title='bbox 555 3056 632 3122; x_wconf 84' lang='lat' dir='ltr'>feeit</span> <span class='ocrx_word' id='word_1_190' title='bbox 652 3047 737 3122; x_wconf 74' lang='lat' dir='ltr'>&#39;deus</span> <span class='ocrx_word' id='word_1_191' title='bbox 766 3075 894 3138; x_wconf 86' lang='lat' dir='ltr'>aquam;</span> <span class='ocrx_word' id='word_1_192' title='bbox 924 3076 981 3123; x_wconf 87' lang='lat' dir='ltr'>nee</span> <span class='ocrx_word' id='word_1_193' title='bbox 1009 3060 1114 3122; x_wconf 86' lang='lat' dir='ltr'>tamen</span> <span class='ocrx_word' id='word_1_194' title='bbox 1141 3057 1328 3124; x_wconf 91' lang='lat' dir='ltr'>ullomodo</span> <span class='ocrx_word' id='word_1_195' title='bbox 1352 3076 1417 3122; x_wconf 87' lang='lat' dir='ltr'>ore-</span> 
     </span>
    </p>
   </div>
   <div class='ocr_carea' id='block_1_8' title="bbox 271 3162 1468 3461">
    <p class='ocr_par' dir='ltr' id='par_1_9' title="bbox 271 3162 1468 3461">
     <span class='ocr_line' id='line_1_25' title="bbox 271 3162 1416 3255; baseline 0.001 -29"><span class='ocrx_word' id='word_1_196' title='bbox 271 3162 407 3227; x_wconf 87' lang='lat' dir='ltr'>dendum</span> <span class='ocrx_word' id='word_1_197' title='bbox 445 3166 495 3227; x_wconf 90' lang='lat' dir='ltr'>est</span> <span class='ocrx_word' id='word_1_198' title='bbox 526 3181 640 3247; x_wconf 89' lang='lat' dir='ltr'>aquam</span> <span class='ocrx_word' id='word_1_199' title='bbox 674 3163 768 3229; x_wconf 87' lang='lat' dir='ltr'>deum</span> <span class='ocrx_word' id='word_1_200' title='bbox 801 3183 864 3255; x_wconf 92' lang='lat' dir='ltr'>non</span> <span class='ocrx_word' id='word_1_201' title='bbox 896 3164 1011 3229; x_wconf 80' lang='lat' dir='ltr'>fecisse</span> <span class='ocrx_word' id='word_1_202' title='bbox 1044 3167 1077 3229; x_wconf 91' lang='lat' dir='ltr'>et</span> <span class='ocrx_word' id='word_1_203' title='bbox 1108 3183 1177 3228; x_wconf 91' lang='lat' dir='ltr'>eam</span> <span class='ocrx_word' id='word_1_204' title='bbox 1209 3164 1273 3228; x_wconf 87' lang='lat' dir='ltr'>iam</span> <span class='ocrx_word' id='word_1_205' title='bbox 1305 3163 1416 3241; x_wconf 82' lang='lat' dir='ltr'>fuisse,</span> 
     </span>
     <span class='ocr_line' id='line_1_26' title="bbox 271 3265 1468 3353; baseline -0.002 -19"><span class='ocrx_word' id='word_1_206' title='bbox 271 3273 440 3351; x_wconf 87' lang='lat' dir='ltr'>antequam</span> <span class='ocrx_word' id='word_1_207' title='bbox 472 3270 528 3334; x_wconf 87' lang='lat' dir='ltr'>ille</span> <span class='ocrx_word' id='word_1_208' title='bbox 561 3269 679 3353; x_wconf 87' lang='lat' dir='ltr'>aliquid</span> <span class='ocrx_word' id='word_1_209' title='bbox 709 3265 939 3336; x_wconf 83' lang='lat' dir='ltr'>constituisset.</span> <span class='ocrx_word' id='word_1_210' title='bbox 969 3271 1086 3336; x_wconf 91' lang='lat' dir='ltr'>etenim</span> <span class='ocrx_word' id='word_1_211' title='bbox 1113 3271 1169 3336; x_wconf 89' lang='lat' dir='ltr'>ille</span> <span class='ocrx_word' id='word_1_212' title='bbox 1197 3274 1256 3350; x_wconf 88' lang='lat' dir='ltr'>est,</span> <span class='ocrx_word' id='word_1_213' title='bbox 1281 3289 1321 3334; x_wconf 84' lang='lat' dir='ltr'>er</span> <span class='ocrx_word' id='word_1_214' title='bbox 1345 3288 1416 3353; x_wconf 90' lang='lat' dir='ltr'>quo</span> <span class='ocrx_word' id='word_1_215' title='bbox 1435 3290 1468 3331; x_wconf 76' lang='lat' dir='ltr'>ea</span> 
     </span>
     <span class='ocr_line' id='line_1_27' title="bbox 272 3363 1418 3461; baseline -0.002 -18"><span class='ocrx_word' id='word_1_216' title='bbox 272 3374 404 3452; x_wconf 90' lang='lat' dir='ltr'>omnia,</span> <span class='ocrx_word' id='word_1_217' title='bbox 432 3393 498 3458; x_wconf 91' lang='lat' dir='ltr'>per</span> <span class='ocrx_word' id='word_1_218' title='bbox 524 3363 633 3458; x_wconf 89' lang='lat' dir='ltr'>quem</span> <span class='ocrx_word' id='word_1_219' title='bbox 662 3377 794 3453; x_wconf 90' lang='lat' dir='ltr'>omnia,</span> <span class='ocrx_word' id='word_1_220' title='bbox 823 3376 861 3440; x_wconf 92' lang='lat' dir='ltr'>iu</span> <span class='ocrx_word' id='word_1_221' title='bbox 890 3396 960 3459; x_wconf 88' lang='lat' dir='ltr'>quo</span> <span class='ocrx_word' id='word_1_222' title='bbox 985 3377 1118 3455; x_wconf 89' lang='lat' dir='ltr'>omnia,</span> <span class='ocrx_word' id='word_1_223' title='bbox 1143 3376 1229 3442; x_wconf 87' lang='lat' dir='ltr'>sieut</span> <span class='ocrx_word' id='word_1_224' title='bbox 1252 3375 1418 3461; x_wconf 86' lang='lat' dir='ltr'>apostolus</span> 
     </span>
    </p>
   </div>
   <div class='ocr_carea' id='block_1_9' title="bbox 140 3481 1418 3567">
    <p class='ocr_par' dir='ltr' id='par_1_10' title="bbox 140 3481 1418 3567">
     <span class='ocr_line' id='line_1_28' title="bbox 140 3481 1418 3567; baseline 0 -20"><span class='ocrx_word' id='word_1_225' title='bbox 140 3500 152 3512; x_wconf 94' lang='lat'><em>·</em></span> <span class='ocrx_word' id='word_1_226' title='bbox 272 3481 359 3548; x_wconf 87' lang='lat' dir='ltr'>dieit.</span> <span class='ocrx_word' id='word_1_227' title='bbox 393 3501 467 3567; x_wconf 87' lang='lat' dir='ltr'>ergo</span> <span class='ocrx_word' id='word_1_228' title='bbox 500 3485 533 3547; x_wconf 91' lang='lat' dir='ltr'>et</span> <span class='ocrx_word' id='word_1_229' title='bbox 564 3489 679 3566; x_wconf 88' lang='lat' dir='ltr'>aquam</span> <span class='ocrx_word' id='word_1_230' title='bbox 712 3483 790 3550; x_wconf 88' lang='lat' dir='ltr'>deus</span> <span class='ocrx_word' id='word_1_231' title='bbox 823 3483 901 3549; x_wconf 86' lang='lat' dir='ltr'>feeit</span> <span class='ocrx_word' id='word_1_232' title='bbox 933 3486 965 3548; x_wconf 92' lang='lat' dir='ltr'>et</span> <span class='ocrx_word' id='word_1_233' title='bbox 997 3483 1089 3548; x_wconf 89' lang='lat' dir='ltr'>aliter</span> <span class='ocrx_word' id='word_1_234' title='bbox 1121 3484 1247 3549; x_wconf 86' lang='lat' dir='ltr'>eredere</span> <span class='ocrx_word' id='word_1_235' title='bbox 1282 3501 1418 3567; x_wconf 82' lang='lat' dir='ltr'>magnus</span> 
     </span>
    </p>
   </div>
   <div class='ocr_carea' id='block_1_10' title="bbox 274 3588 1419 3675">
    <p class='ocr_par' dir='ltr' id='par_1_11' title="bbox 274 3588 1419 3675">
     <span class='ocr_line' id='line_1_29' title="bbox 274 3588 1419 3675; baseline -0.002 -21"><span class='ocrx_word' id='word_1_236' title='bbox 274 3608 358 3655; x_wconf 92' lang='lat' dir='ltr'>error</span> <span class='ocrx_word' id='word_1_237' title='bbox 380 3591 440 3655; x_wconf 88' lang='lat' dir='ltr'>est.</span> <span class='ocrx_word' id='word_1_238' title='bbox 464 3607 520 3654; x_wconf 86' lang='lat' dir='ltr'>our</span> <span class='ocrx_word' id='word_1_239' title='bbox 537 3588 637 3675; x_wconf 84' lang='lat' dir='ltr'>igitur</span> <span class='ocrx_word' id='word_1_240' title='bbox 654 3609 715 3656; x_wconf 90' lang='lat' dir='ltr'>non</span> <span class='ocrx_word' id='word_1_241' title='bbox 735 3591 856 3656; x_wconf 85' lang='lat' dir='ltr'>dietum</span> <span class='ocrx_word' id='word_1_242' title='bbox 876 3593 934 3668; x_wconf 88' lang='lat' dir='ltr'>est,</span> <span class='ocrx_word' id='word_1_243' title='bbox 955 3591 1039 3674; x_wconf 84' lang='lat' dir='ltr'>quod</span> <span class='ocrx_word' id='word_1_244' title='bbox 1058 3609 1172 3674; x_wconf 86' lang='lat' dir='ltr'>equam</span> <span class='ocrx_word' id='word_1_245' title='bbox 1191 3589 1268 3654; x_wconf 85' lang='lat' dir='ltr'>deus</span> <span class='ocrx_word' id='word_1_246' title='bbox 1287 3589 1419 3656; x_wconf 76' lang='lat' dir='ltr'>feeerit?</span> 
     </span>
    </p>
   </div>
   <div class='ocr_carea' id='block_1_11' title="bbox 363 3857 1106 3933">
    <p class='ocr_par' dir='ltr' id='par_1_12' title="bbox 363 3857 1106 3933">
     <span class='ocr_line' id='line_1_30' title="bbox 363 3857 1106 3933; baseline 0.003 -21"><span class='ocrx_word' id='word_1_247' title='bbox 363 3859 380 3912; x_wconf 87' lang='lat'>5</span> <span class='ocrx_word' id='word_1_248' title='bbox 399 3857 466 3915; x_wconf 85' lang='lat' dir='ltr'>Gen.</span> <span class='ocrx_word' id='word_1_249' title='bbox 487 3859 511 3922; x_wconf 88' lang='lat'>1,</span> <span class='ocrx_word' id='word_1_250' title='bbox 531 3859 547 3913; x_wconf 99' lang='grc'><strong>2</strong></span> <span class='ocrx_word' id='word_1_251' title='bbox 602 3857 725 3914; x_wconf 65' lang='grc'>226611.</span> <span class='ocrx_word' id='word_1_252' title='bbox 746 3858 768 3922; x_wconf 89' lang='lat'>1,</span> <span class='ocrx_word' id='word_1_253' title='bbox 789 3860 806 3912; x_wconf 86' lang='lat'><strong>2</strong></span> <span class='ocrx_word' id='word_1_254' title='bbox 859 3859 895 3914; x_wconf 75' lang='lat'>25</span> <span class='ocrx_word' id='word_1_255' title='bbox 912 3859 990 3916; x_wconf 81' lang='lat' dir='ltr'>Rom.</span> <span class='ocrx_word' id='word_1_256' title='bbox 1011 3861 1052 3926; x_wconf 92' lang='lat'>11,</span> <span class='ocrx_word' id='word_1_257' title='bbox 1071 3861 1106 3933; x_wconf 76' lang='grc'>36</span> 
     </span>
    </p>
   </div>
   <div class='ocr_carea' id='block_1_12' title="bbox 271 4021 1425 4312">
    <p class='ocr_par' dir='ltr' id='par_1_13' title="bbox 271 4021 1425 4312">
     <span class='ocr_line' id='line_1_31' title="bbox 313 4021 1425 4136; baseline 0.001 -20"><span class='ocrx_word' id='word_1_258' title='bbox 313 4021 450 4132; x_wconf 78' lang='lat' dir='ltr'>timpora</span> <span class='ocrx_word' id='word_1_259' title='bbox 468 4062 495 4117; x_wconf 81' lang='lat' dir='ltr'><strong><em>L</em></strong></span> <span class='ocrx_word' id='word_1_260' title='bbox 585 4063 715 4118; x_wconf 78' lang='lat' dir='ltr'>ttaeienr</span> <span class='ocrx_word' id='word_1_261' title='bbox 734 4062 837 4134; x_wconf 72' lang='lat' dir='ltr'>abyssi!</span> <span class='ocrx_word' id='word_1_262' title='bbox 860 4065 1027 4136; x_wconf 73' lang='lat' dir='ltr'>abyssumd</span> <span class='ocrx_word' id='word_1_263' title='bbox 1115 4065 1244 4136; x_wconf 74' lang='lat' dir='ltr'>tetiam]</span> <span class='ocrx_word' id='word_1_264' title='bbox 1268 4065 1324 4119; x_wconf 86' lang='lat' dir='ltr'>ism</span> <span class='ocrx_word' id='word_1_265' title='bbox 1341 4062 1425 4118; x_wconf 65' lang='grc' dir='ltr'>ΜΗ)</span> 
     </span>
     <span class='ocr_line' id='line_1_32' title="bbox 271 4149 1422 4238; baseline 0.001 -32"><span class='ocrx_word' id='word_1_266' title='bbox 271 4151 292 4216; x_wconf 74' lang='grc'>,8</span> <span class='ocrx_word' id='word_1_267' title='bbox 312 4150 401 4238; x_wconf 70' lang='lat' dir='ltr'>chaos¹</span> <span class='ocrx_word' id='word_1_268' title='bbox 415 4149 528 4205; x_wconf 81' lang='lat' dir='ltr'><strong><em>VTML</em></strong></span> <span class='ocrx_word' id='word_1_269' title='bbox 592 4151 625 4206; x_wconf 90' lang='grc'>10</span> <span class='ocrx_word' id='word_1_270' title='bbox 644 4152 709 4222; x_wconf 84' lang='lat' dir='ltr'>quie</span> <span class='ocrx_word' id='word_1_271' title='bbox 727 4168 785 4208; x_wconf 89' lang='lat' dir='ltr'>esse</span> <span class='ocrx_word' id='word_1_272' title='bbox 804 4153 832 4206; x_wconf 83' lang='lat' dir='ltr'><em>L</em></span> <span class='ocrx_word' id='word_1_273' title='bbox 925 4153 1051 4208; x_wconf 74' lang='lat' dir='ltr'>subiecta</span> <span class='ocrx_word' id='word_1_274' title='bbox 1074 4152 1101 4206; x_wconf 99' lang='lat' dir='ltr'><strong><em>V</em></strong></span> <span class='ocrx_word' id='word_1_275' title='bbox 1158 4153 1192 4209; x_wconf 88' lang='lat'>18</span> <span class='ocrx_word' id='word_1_276' title='bbox 1210 4151 1422 4208; x_wconf 83' lang='lat' dir='ltr'>ueluti—teme</span> 
     </span>
     <span class='ocr_line' id='line_1_33' title="bbox 277 4238 1424 4312; baseline 0 -18"><span class='ocrx_word' id='word_1_277' title='bbox 277 4238 382 4294; x_wconf 85' lang='lat' dir='ltr'>om.Lt</span> <span class='ocrx_word' id='word_1_278' title='bbox 418 4239 453 4294; x_wconf 78' lang='grc'>21)</span> <span class='ocrx_word' id='word_1_279' title='bbox 466 4240 580 4294; x_wconf 84' lang='lat' dir='ltr'>materia</span> <span class='ocrx_word' id='word_1_280' title='bbox 593 4239 716 4295; x_wconf 85' lang='lat' dir='ltr'>TMLbct</span> <span class='ocrx_word' id='word_1_281' title='bbox 750 4242 783 4296; x_wconf 82' lang='lat'>21</span> <span class='ocrx_word' id='word_1_282' title='bbox 801 4244 992 4312; x_wconf 85' lang='lat' dir='ltr'>exsequeretur</span> <span class='ocrx_word' id='word_1_283' title='bbox 1004 4241 1104 4298; x_wconf 69' lang='lat' dir='ltr'>Metu</span> <span class='ocrx_word' id='word_1_284' title='bbox 1138 4241 1173 4296; x_wconf 90' lang='grc'>22</span> <span class='ocrx_word' id='word_1_285' title='bbox 1186 4239 1424 4296; x_wconf 76' lang='lat' dir='ltr'>ferebatanML</span> 
     </span>
    </p>
   </div>
   <div class='ocr_carea' id='block_1_13' title="bbox 277 4315 1430 4471">
    <p class='ocr_par' dir='ltr' id='par_1_14' title="bbox 277 4315 1430 4471">
     <span class='ocr_line' id='line_1_34' title="bbox 277 4315 1430 4412; baseline 0.003 -32"><span class='ocrx_word' id='word_1_286' title='bbox 277 4327 311 4381; x_wconf 85' lang='lat'>23</span> <span class='ocrx_word' id='word_1_287' title='bbox 332 4325 398 4382; x_wconf 88' lang='lat' dir='ltr'>deus</span> <span class='ocrx_word' id='word_1_288' title='bbox 415 4344 513 4412; x_wconf 79' lang='lat' dir='ltr'>aquam</span> <span class='ocrx_word' id='word_1_289' title='bbox 531 4327 598 4383; x_wconf 82' lang='lat' dir='ltr'>iecit</span> <span class='ocrx_word' id='word_1_290' title='bbox 615 4327 716 4384; x_wconf 69' lang='lat' dir='ltr'>Meua</span> <span class='ocrx_word' id='word_1_291' title='bbox 785 4331 821 4385; x_wconf 79' lang='lat'>24</span> <span class='ocrx_word' id='word_1_292' title='bbox 839 4331 905 4386; x_wconf 88' lang='lat' dir='ltr'>deus</span> <span class='ocrx_word' id='word_1_293' title='bbox 928 4331 955 4385; x_wconf 94' lang='lat' dir='ltr'><strong><em>V</em></strong></span> <span class='ocrx_word' id='word_1_294' title='bbox 1042 4332 1126 4386; x_wconf 83' lang='lat' dir='ltr'>fuisse</span> <span class='ocrx_word' id='word_1_295' title='bbox 1144 4347 1177 4385; x_wconf 73' lang='lat' dir='ltr'>aa</span> <span class='ocrx_word' id='word_1_296' title='bbox 1193 4315 1290 4386; x_wconf 77' lang='lat' dir='ltr'>iecisse</span> <span class='ocrx_word' id='word_1_297' title='bbox 1306 4346 1341 4384; x_wconf 83' lang='lat' dir='ltr'>m.</span> <span class='ocrx_word' id='word_1_298' title='bbox 1360 4335 1377 4383; x_wconf 92' lang='lat'><strong><em>1</em></strong></span> <span class='ocrx_word' id='word_1_299' title='bbox 1399 4327 1430 4384; x_wconf 88' lang='lat' dir='ltr'><strong><em>V</em></strong></span> 
     </span>
     <span class='ocr_line' id='line_1_35' title="bbox 278 4416 505 4471; baseline -0.004 0"><span class='ocrx_word' id='word_1_300' title='bbox 278 4417 312 4471; x_wconf 80' lang='grc'>25</span> <span class='ocrx_word' id='word_1_301' title='bbox 332 4419 374 4469; x_wconf 83' lang='lat' dir='ltr'>est</span> <span class='ocrx_word' id='word_1_302' title='bbox 392 4431 443 4470; x_wconf 88' lang='lat' dir='ltr'>om.</span> <span class='ocrx_word' id='word_1_303' title='bbox 461 4416 505 4470; x_wconf 87' lang='lat' dir='ltr'>Lb</span> 
     </span>
    </p>
   </div>
   <div class='ocr_carea' id='block_1_14' title="bbox 0 0 1615 4950">
    <p class='ocr_par' dir='ltr' id='par_1_15' title="bbox 0 0 1615 4950">
     <span class='ocr_line' id='line_1_36' title="bbox 0 0 1615 4950; baseline 0 0"><span class='ocrx_word' id='word_1_304' title='bbox 0 0 1615 4950; x_wconf 95' lang='lat' dir='ltr'> </span> 
     </span>
    </p>
   </div>
  </div>
 </body>
</html>
