3159 4950
210 477 285 541 VIII
670 478 891 533 Praefatio.

208 671 293 736 hacid
316 691 385 740 raro
410 672 548 738 occurrit
569 710 614 720 -
636 677 702 738 tam
731 691 880 758 peruerse
908 673 1036 740 additus
1060 677 1119 753 est,
1143 679 1182 740 ut
1204 674 1355 742 orationis

207 777 403 845 continuatio
417 779 601 846 foedissime
616 779 815 848 dilaceretur.
828 780 895 847 ists
907 781 1079 846 summaria
1092 785 1200 847 autem
1220 786 1257 848 ut
1273 783 1355 849 libro

207 885 378 970 adfigercm
400 885 493 952 facile
513 905 531 950 a
549 905 600 950 me
623 886 803 969 impetrant,
827 888 978 969 quoniam
1001 889 1040 953 ab
1063 889 1102 953 Α.
1125 889 1210 954 Maio
1234 889 1356 972 publici

206 992 283 1058 iurIs
315 994 400 1058 sacta
433 1013 504 1060 esse
537 1013 629 1059 nemo
661 993 802 1078 ignorat,
848 993 912 1060 etsi
942 995 982 1059 ab
1013 995 1141 1061 librario
1178 996 1254 1078 quin
1291 996 1356 1060 sint

206 1100 350 1178 conficta,
362 1119 423 1166 nen
440 1101 479 1166 ad
488 1101 706 1186 Augustinum
720 1104 882 1168 auctorem
897 1101 1060 1167 referenda
1072 1102 1204 1168 dubium
1218 1121 1281 1168 non
1295 1104 1355 1168 est.

252 1206 403 1272 nodieem
436 1208 650 1274 intercedente
682 1209 987 1273 beneuolentissima
1024 1208 1063 1276 G.
1090 1209 1229 1274 Hcrtclii
1260 1228 1357 1292 opera

205 1313 241 1378 E.
266 1313 406 1379 Kalinlra
428 1333 537 1380 meum
560 1315 711 1380 trusum
736 1314 887 1380 contulit:
920 1314 973 1380 cui
1000 1315 1059 1380 hac
1087 1316 1253 1382 occasione
1282 1315 1356 1380 dats

205 1419 290 1502 quod
321 1421 397 1486 huic
427 1423 530 1488 labori
560 1442 631 1488 mea
672 1440 769 1488 causa
809 1423 1001 1506 perbenigne
1035 1423 1166 1488 uacauit
1202 1423 1354 1488 maximas

205 1525 325 1610 gratias
349 1547 419 1612 ogo.

151 1633 177 1698 P
251 1631 356 1700 Codex
377 1635 541 1700 Parisinus
564 1655 594 1704 n.
620 1635 707 1700 2706
731 1635 809 1700 olim
824 1633 1025 1701 colbertinus
1045 1636 1132 1700 5150
1150 1638 1221 1699 tum
1234 1636 1354 1719 Regius

203 1741 279 1807 400.
300 1743 319 1804 2
339 1741 597 1808 membranaceus
615 1741 670 1808 fel.
686 1743 752 1808 353
767 1743 895 1806 saeculo
911 1741 1096 1806 VH-VIII
1109 1740 1170 1828 (sic
1184 1742 1268 1806 enim
1281 1761 1354 1826 pag.

203 1851 223 1912 2
256 1848 289 1912 iu
321 1849 430 1914 tabula
453 1848 600 1915 codicum
623 1848 761 1914 scribere
785 1847 952 1933 debebam)
981 1847 1119 1932 scriptus
1151 1851 1210 1915 est
1235 1847 1355 1914 codicis

203 1954 359 2038 originem
391 1955 554 2022 adnotatio
577 1955 609 2020 in
634 1955 796 2038 superiore
827 1955 970 2039 margIne
992 1955 1062 2020 lolii
1083 1955 1178 2038 prImi
1199 1955 1356 2038 impressa

205 2061 336 2130 indicat.
362 2061 453 2154 cuius
477 2061 656 2128 litterarum
680 2063 786 2146 apices
810 2063 957 2145 quamuis
979 2063 1137 2146 praesceti
1159 2062 1224 2126 siut
1246 2064 1353 2126 tamen

206 2169 284 2234 haec
314 2167 540 2252 dispiciuntur:
573 2167 630 2232 tete
653 2167 729 2231 liber
751 2172 796 2232 est
817 2168 850 2232 bi
871 2167 968 2243 deos..
991 2167 1012 2234 i.
1038 2186 1065 2232 e.
1089 2167 1175 2231 beati
1197 2167 1355 2249 Dionysii.

205 2279 243 2340 ut
266 2274 364 2340 codex
386 2276 418 2338 in
443 2294 552 2340 eorum
585 2293 714 2340 numero
748 2275 791 2339 sit
822 2274 997 2351 habendus,
1026 2293 1161 2357 quorum
1193 2273 1355 2358 specimen

205 2381 239 2448 L.
256 2381 377 2446 DeIIsle
400 2381 432 2446 in
452 2381 532 2446 libro
562 2379 617 2466 qui
643 2381 841 2446 inscribitur:
865 2381 910 2446 Le
934 2380 1068 2448 Cabinet
1086 2379 1141 2445 des
1164 2380 1355 2445 manuscrits

208 2488 246 2554 de
278 2490 310 2555 la
342 2488 569 2571 Bibliotueque
593 2488 761 2555 Nationale
792 2488 904 2554 tabula
925 2488 953 2551 V
978 2487 1075 2554 dedit.
1107 2488 1223 2572 pagina
1253 2487 1356 2570 prima

206 2596 290 2661 enim
323 2594 392 2660 solii
424 2595 518 2679 primi
551 2594 661 2661 eadem
693 2598 867 2678 cousptcua
897 2596 990 2680 sigua
1020 2613 1094 2677 prae
1122 2614 1157 2659 se
1184 2593 1246 2659 fert
1274 2613 1354 2677 quae

203 2701 328 2786 propria
347 2720 418 2767 esse
437 2701 583 2767 codicum
602 2700 641 2766 de
660 2703 852 2767 monasterie
872 2703 974 2767 sancti
987 2701 1135 2785 Dionysii
1152 2700 1355 2767 oriundorum

205 2813 315 2873 notum
349 2812 408 2873 est.
440 2808 473 2873 in
507 2808 643 2892 singulis
665 2808 791 2891 paginis
816 2826 928 2874 uersus
953 2808 1057 2873 niceni
1085 2807 1152 2871 bini
1175 2805 1355 2872 decurrunt.

204 2916 280 2979 folia
309 2916 340 2981 7.
364 2918 440 2981 345.
465 2918 530 2981 346
563 2917 678 2981 mutila
710 2920 795 2981 sunt.
828 2919 917 2981 totus
949 2916 1030 2981 liber
1061 2916 1100 2979 ab
1134 2933 1195 2978 nno
1227 2914 1355 2978 librario

204 3022 426 3105 pulchenimis
446 3023 563 3088 Iltteris
583 3022 845 3089 semiuncislibus
863 3022 1028 3088 coniectus
1046 3024 1105 3086 cst.
1128 3019 1182 3105 (ci.
1197 3020 1357 3085 Bastardii

208 3147 288 3212 opus
321 3129 489 3213 magnifice
523 3130 803 3213 sumptuosissime
830 3130 1008 3211 perfectum
1035 3128 1121 3211 quod
1147 3146 1220 3213 pag.
1248 3126 1356 3191 XVIII

209 3234 535 3322 commemorabitur.)
566 3235 668 3301 eidem
711 3235 822 3301 manui
853 3236 949 3299 edam
981 3235 1106 3300 scholia
1126 3233 1240 3299 multis
1274 3232 1355 3297 locis

209 3340 317 3407 addita
341 3340 505 3407 debentur.
527 3342 612 3426 quod
632 3342 759 3425 quidem
778 3341 852 3406 inde
871 3341 1083 3426 cognoscitur,
1103 3341 1180 3423 quia
1196 3339 1357 3423 plerisque

207 3447 287 3513 locis
312 3447 367 3512 ubi
391 3448 470 3513 talia
492 3448 708 3515 additamenta
741 3450 911 3514 occurrunt
944 3449 977 3512 in
1012 3448 1156 3532 margins
1189 3446 1293 3529 spatia
1322 3446 1356 3509 in

207 3554 381 3619 orationem
404 3556 546 3639 patentia
568 3555 679 3619 relicta
702 3556 788 3621 suut.
812 3556 1008 3621 correcturas
1030 3556 1138 3620 autem
1161 3574 1204 3618 m.
1228 3556 1249 3619 2
1273 3570 1358 3617 com·

207 3660 351 3743 pluribus
375 3662 455 3728 locis
480 3664 627 3746 expertus
651 3664 711 3729 cst.
735 3662 833 3727 ceder
845 3660 1009 3727 Parisinus
1031 3660 1064 3725 in
1087 3658 1195 3744 probis
1217 3658 1357 3725 testibus

209 3767 305 3833 butus
325 3766 498 3851 Augustini
522 3767 625 3850 operis
649 3767 864 3833 numerandus
886 3770 946 3845 est,
960 3768 1000 3831 ut
1019 3765 1134 3831 merito
1157 3782 1251 3848 aegre
1273 3764 1357 3828 feras

211 3872 296 3955 qnod
329 3892 401 3939 cum
434 3894 452 3938 a
483 3874 666 3958 bibIIopega
698 3874 942 3958 conpingeretur
976 3873 1069 3956 plura
1103 3871 1181 3937 folia
1218 3870 1257 3935 de
1289 3868 1357 3935 suis

209 3980 339 4045 sedibus
373 3980 540 4047 deturbata
572 3983 656 4047 sunt.
690 3980 776 4047 sicut
807 3980 918 4046 statim
940 3980 972 4045 in
995 3978 1070 4044 libri
1095 3978 1188 4045 initio
1210 3976 1288 4043 folia
1311 3977 1358 4041 sic

209 4106 243 4152 se
276 4087 451 4169 excipiunt:
487 4090 517 4155 2.
542 4090 572 4153 4.
598 4090 628 4152 5.
653 4090 684 4155 3.
710 4089 740 4155 6.
770 4089 846 4153 347.
875 4087 952 4153 348.
975 4086 1052 4153 343.
1076 4088 1153 4153 350.
1178 4086 1255 4151 351.
1280 4085 1356 4149 352.

208 4196 273 4259 353
306 4192 391 4275 quod
412 4193 525 4259 folium
548 4193 668 4259 codicis
691 4194 842 4261 ultimum
869 4196 930 4259 est.
961 4192 1032 4259 folii
1058 4192 1125 4258 353
1149 4191 1249 4258 oratio
1282 4208 1358 4255 con-

208 4300 351 4365 tinuatur
372 4300 449 4367 folio
475 4300 493 4365 7
519 4306 551 4367 ct
574 4301 782 4383 sequentibus
815 4320 896 4385 quae
927 4300 991 4365 iam
1023 4318 1083 4365 suo
1115 4297 1225 4363 ordine
1257 4316 1358 4378 usqua

211 4407 250 4473 ad
272 4407 386 4474 folium
410 4408 475 4473 343
499 4407 680 4486 decurrunt,
715 4427 777 4490 quo
811 4406 950 4474 auctorls
981 4404 1080 4473 uerba
1111 4406 1263 4487 quattuor
1293 4403 1358 4469 lere
