<?xml version="1.0" encoding="UTF-8"?>
<!DOCTYPE html PUBLIC "-//W3C//DTD XHTML 1.0 Transitional//EN"
    "http://www.w3.org/TR/xhtml1/DTD/xhtml1-transitional.dtd">
<html xmlns="http://www.w3.org/1999/xhtml" xml:lang="en" lang="en">
 <head>
  <title>
</title>
<meta http-equiv="Content-Type" content="text/html;charset=utf-8" />
  <meta name='ocr-system' content='tesseract 3.04.00' />
  <meta name='ocr-capabilities' content='ocr_page ocr_carea ocr_par ocr_line ocrx_word'/>
</head>
<body>
  <div class='ocr_page' id='page_1' title='image "./corpusscriptoru10wiengoog_0599.png"; bbox 0 0 3159 4950; ppageno 0'>
   <div class='ocr_carea' id='block_1_1' title="bbox 319 430 1332 499">
    <p class='ocr_par' dir='ltr' id='par_1_1' title="bbox 319 430 1332 499">
     <span class='ocr_line' id='line_1_1' title="bbox 319 430 1332 499; baseline 0.001 -14"><span class='ocrx_word' id='word_1_1' title='bbox 319 430 1186 498; x_wconf 82' lang='lat' dir='ltr'>Locutionumlib.III.(Locutcheuitico).</span> <span class='ocrx_word' id='word_1_2' title='bbox 1268 434 1332 499; x_wconf 79' lang='lat'>573</span> 
     </span>
    </p>
   </div>
   <div class='ocr_carea' id='block_1_2' title="bbox 141 626 1339 3795">
    <p class='ocr_par' dir='ltr' id='par_1_2' title="bbox 184 626 1333 1013">
     <span class='ocr_line' id='line_1_2' title="bbox 228 626 1333 708; baseline 0.001 -18"><span class='ocrx_word' id='word_1_3' title='bbox 228 626 317 691; x_wconf 81' lang='lat' dir='ltr'>Xlll.</span> <span class='ocrx_word' id='word_1_4' title='bbox 343 626 503 708; x_wconf 86' lang='lat' dir='ltr'>Coquits</span> <span class='ocrx_word' id='word_1_5' title='bbox 527 645 658 691; x_wconf 90' lang='lat' dir='ltr'>carnes</span> <span class='ocrx_word' id='word_1_6' title='bbox 677 628 714 691; x_wconf 93' lang='lat' dir='ltr'>in</span> <span class='ocrx_word' id='word_1_7' title='bbox 735 627 832 692; x_wconf 90' lang='lat' dir='ltr'>atrio</span> <span class='ocrx_word' id='word_1_8' title='bbox 852 626 1092 693; x_wconf 80' lang='lat' dir='ltr'>tabernaculi</span> <span class='ocrx_word' id='word_1_9' title='bbox 1116 628 1333 694; x_wconf 84' lang='lat' dir='ltr'>testimonii</span> 
     </span>
     <span class='ocr_line' id='line_1_3' title="bbox 184 733 1331 819; baseline 0.002 -22"><span class='ocrx_word' id='word_1_10' title='bbox 184 734 219 798; x_wconf 94' lang='lat' dir='ltr'>in</span> <span class='ocrx_word' id='word_1_11' title='bbox 242 735 325 798; x_wconf 92' lang='lat' dir='ltr'>loco</span> <span class='ocrx_word' id='word_1_12' title='bbox 350 737 481 799; x_wconf 87' lang='lat' dir='ltr'>sancto</span> <span class='ocrx_word' id='word_1_13' title='bbox 515 736 552 798; x_wconf 91' lang='lat' dir='ltr'>et</span> <span class='ocrx_word' id='word_1_14' title='bbox 575 733 629 798; x_wconf 93' lang='lat' dir='ltr'>ibi</span> <span class='ocrx_word' id='word_1_15' title='bbox 653 734 776 799; x_wconf 88' lang='lat' dir='ltr'>edetis</span> <span class='ocrx_word' id='word_1_16' title='bbox 807 753 867 799; x_wconf 90' lang='lat' dir='ltr'>eas</span> <span class='ocrx_word' id='word_1_17' title='bbox 893 738 930 801; x_wconf 88' lang='lat' dir='ltr'>et</span> <span class='ocrx_word' id='word_1_18' title='bbox 952 754 1066 819; x_wconf 88' lang='lat' dir='ltr'>panes</span> <span class='ocrx_word' id='word_1_19' title='bbox 1092 734 1155 815; x_wconf 87' lang='lat' dir='ltr'>qui</span> <span class='ocrx_word' id='word_1_20' title='bbox 1184 734 1331 799; x_wconf 88' lang='lat' dir='ltr'>suntin</span> 
     </span>
     <span class='ocr_line' id='line_1_4' title="bbox 185 840 1332 925; baseline 0.002 -22"><span class='ocrx_word' id='word_1_21' title='bbox 185 840 352 905; x_wconf 88' lang='lat' dir='ltr'>canistro</span> <span class='ocrx_word' id='word_1_22' title='bbox 386 840 736 917; x_wconf 81' lang='lat' dir='ltr'>consummationis,</span> <span class='ocrx_word' id='word_1_23' title='bbox 770 842 956 924; x_wconf 91' lang='lat' dir='ltr'>quomodo</span> <span class='ocrx_word' id='word_1_24' title='bbox 993 846 1238 925; x_wconf 90' lang='lat' dir='ltr'>praeceptum</span> <span class='ocrx_word' id='word_1_25' title='bbox 1273 844 1332 905; x_wconf 91' lang='lat' dir='ltr'>est</span> 
     </span>
     <span class='ocr_line' id='line_1_5' title="bbox 184 947 1332 1013; baseline -0.001 -2"><span class='ocrx_word' id='word_1_26' title='bbox 184 947 276 1011; x_wconf 93' lang='lat' dir='ltr'>mihi</span> <span class='ocrx_word' id='word_1_27' title='bbox 309 947 453 1012; x_wconf 90' lang='lat' dir='ltr'>dicens:</span> <span class='ocrx_word' id='word_1_28' title='bbox 487 947 609 1011; x_wconf 78' lang='lat' dir='ltr'>Aaron</span> <span class='ocrx_word' id='word_1_29' title='bbox 634 947 771 1012; x_wconf 82' lang='lat' dir='ltr'>attilii</span> <span class='ocrx_word' id='word_1_30' title='bbox 801 948 883 1013; x_wconf 89' lang='lat' dir='ltr'>eius</span> <span class='ocrx_word' id='word_1_31' title='bbox 912 948 1024 1012; x_wconf 89' lang='lat' dir='ltr'>edent</span> <span class='ocrx_word' id='word_1_32' title='bbox 1047 967 1096 1013; x_wconf 89' lang='lat' dir='ltr'>ea.</span> <span class='ocrx_word' id='word_1_33' title='bbox 1130 948 1210 1011; x_wconf 88' lang='lat' dir='ltr'>hanc</span> <span class='ocrx_word' id='word_1_34' title='bbox 1244 948 1332 1012; x_wconf 71' lang='lat' dir='ltr'>locu·</span> 
     </span>
    </p>

    <p class='ocr_par' dir='ltr' id='par_1_3' title="bbox 153 1052 1334 1331">
     <span class='ocr_line' id='line_1_6' title="bbox 153 1052 1334 1137; baseline 0.003 -23"><span class='ocrx_word' id='word_1_35' title='bbox 153 1055 304 1118; x_wconf 75' lang='lat' dir='ltr'>ctionem</span> <span class='ocrx_word' id='word_1_36' title='bbox 326 1053 456 1136; x_wconf 88' lang='lat' dir='ltr'>quidam</span> <span class='ocrx_word' id='word_1_37' title='bbox 480 1052 648 1117; x_wconf 85' lang='lat' dir='ltr'>transferre</span> <span class='ocrx_word' id='word_1_38' title='bbox 671 1055 816 1118; x_wconf 82' lang='lat' dir='ltr'>nolentes</span> <span class='ocrx_word' id='word_1_39' title='bbox 840 1054 998 1119; x_wconf 85' lang='lat' dir='ltr'>dixerunt:</span> <span class='ocrx_word' id='word_1_40' title='bbox 1025 1053 1209 1137; x_wconf 92' lang='lat' dir='ltr'>quomodo</span> <span class='ocrx_word' id='word_1_41' title='bbox 1234 1072 1334 1137; x_wconf 89' lang='lat' dir='ltr'>prae-</span> 
     </span>
     <span class='ocr_line' id='line_1_7' title="bbox 184 1159 1333 1243; baseline 0.001 -21"><span class='ocrx_word' id='word_1_42' title='bbox 184 1159 287 1241; x_wconf 82' lang='lat' dir='ltr'>cepit</span> <span class='ocrx_word' id='word_1_43' title='bbox 309 1160 400 1223; x_wconf 91' lang='lat' dir='ltr'>mihi</span> <span class='ocrx_word' id='word_1_44' title='bbox 425 1159 565 1237; x_wconf 88' lang='lat' dir='ltr'>dicens,</span> <span class='ocrx_word' id='word_1_45' title='bbox 592 1160 666 1242; x_wconf 90' lang='lat' dir='ltr'>quia</span> <span class='ocrx_word' id='word_1_46' title='bbox 688 1160 749 1225; x_wconf 92' lang='lat' dir='ltr'>hoo</span> <span class='ocrx_word' id='word_1_47' title='bbox 773 1160 902 1224; x_wconf 88' lang='lat' dir='ltr'>uidetur</span> <span class='ocrx_word' id='word_1_48' title='bbox 921 1178 1131 1243; x_wconf 81' lang='lat' dir='ltr'>consequens,</span> <span class='ocrx_word' id='word_1_49' title='bbox 1150 1160 1206 1225; x_wconf 92' lang='lat' dir='ltr'>ille</span> <span class='ocrx_word' id='word_1_50' title='bbox 1226 1162 1333 1225; x_wconf 75' lang='lat' dir='ltr'>aretem</span> 
     </span>
     <span class='ocr_line' id='line_1_8' title="bbox 184 1264 1131 1331; baseline 0.003 -3"><span class='ocrx_word' id='word_1_51' title='bbox 184 1265 216 1328; x_wconf 90' lang='lat' dir='ltr'>in</span> <span class='ocrx_word' id='word_1_52' title='bbox 240 1267 366 1329; x_wconf 90' lang='lat' dir='ltr'>nostrae</span> <span class='ocrx_word' id='word_1_53' title='bbox 388 1265 559 1329; x_wconf 90' lang='lat' dir='ltr'>locutionis</span> <span class='ocrx_word' id='word_1_54' title='bbox 583 1264 813 1330; x_wconf 88' lang='lat' dir='ltr'>consuetudine</span> <span class='ocrx_word' id='word_1_55' title='bbox 837 1265 1048 1331; x_wconf 88' lang='lat' dir='ltr'>soloecismus</span> <span class='ocrx_word' id='word_1_56' title='bbox 1072 1268 1131 1331; x_wconf 88' lang='lat' dir='ltr'>est.</span> 
     </span>
    </p>

    <p class='ocr_par' dir='ltr' id='par_1_4' title="bbox 184 1372 1334 1562">
     <span class='ocr_line' id='line_1_9' title="bbox 229 1372 1333 1438; baseline 0.001 -3"><span class='ocrx_word' id='word_1_57' title='bbox 229 1372 333 1438; x_wconf 86' lang='lat' dir='ltr'><strong>XIIII.</strong></span> <span class='ocrx_word' id='word_1_58' title='bbox 367 1372 413 1436; x_wconf 83' lang='lat' dir='ltr'>Et</span> <span class='ocrx_word' id='word_1_59' title='bbox 444 1372 488 1435; x_wconf 94' lang='lat' dir='ltr'>ad</span> <span class='ocrx_word' id='word_1_60' title='bbox 521 1373 662 1436; x_wconf 91' lang='lat' dir='ltr'>ostium</span> <span class='ocrx_word' id='word_1_61' title='bbox 698 1372 939 1438; x_wconf 87' lang='lat' dir='ltr'>tabernaculi</span> <span class='ocrx_word' id='word_1_62' title='bbox 976 1372 1192 1437; x_wconf 87' lang='lat' dir='ltr'>testimonii</span> <span class='ocrx_word' id='word_1_63' title='bbox 1230 1372 1333 1437; x_wconf 88' lang='lat' dir='ltr'>sede·</span> 
     </span>
     <span class='ocr_line' id='line_1_10' title="bbox 184 1476 1334 1562; baseline 0.001 -21"><span class='ocrx_word' id='word_1_64' title='bbox 184 1478 278 1542; x_wconf 89' lang='lat' dir='ltr'>bitis</span> <span class='ocrx_word' id='word_1_65' title='bbox 307 1482 452 1561; x_wconf 85' lang='lat' dir='ltr'>septem</span> <span class='ocrx_word' id='word_1_66' title='bbox 479 1478 561 1543; x_wconf 89' lang='lat' dir='ltr'>dies</span> <span class='ocrx_word' id='word_1_67' title='bbox 591 1478 650 1543; x_wconf 88' lang='lat' dir='ltr'>die</span> <span class='ocrx_word' id='word_1_68' title='bbox 675 1481 713 1543; x_wconf 91' lang='lat' dir='ltr'>et</span> <span class='ocrx_word' id='word_1_69' title='bbox 735 1482 942 1561; x_wconf 88' lang='lat' dir='ltr'>nocte.pro</span> <span class='ocrx_word' id='word_1_70' title='bbox 968 1498 1015 1556; x_wconf 84' lang='lat' dir='ltr'>so,</span> <span class='ocrx_word' id='word_1_71' title='bbox 1042 1477 1127 1562; x_wconf 91' lang='lat' dir='ltr'>quod</span> <span class='ocrx_word' id='word_1_72' title='bbox 1152 1481 1202 1543; x_wconf 86' lang='lat' dir='ltr'>est</span> <span class='ocrx_word' id='word_1_73' title='bbox 1228 1476 1334 1554; x_wconf 79' lang='lat' dir='ltr'>„habi-</span> 
     </span>
    </p>

    <p class='ocr_par' dir='ltr' id='par_1_5' title="bbox 141 1584 329 1650">
     <span class='ocr_line' id='line_1_11' title="bbox 141 1584 329 1650; baseline 0.027 -5"><span class='ocrx_word' id='word_1_74' title='bbox 141 1607 166 1645; x_wconf 88' lang='lat'>10</span> <span class='ocrx_word' id='word_1_75' title='bbox 184 1584 329 1650; x_wconf 86' lang='lat' dir='ltr'>tabitis“.</span> 
     </span>
    </p>

    <p class='ocr_par' dir='ltr' id='par_1_6' title="bbox 185 1690 1337 2095">
     <span class='ocr_line' id='line_1_12' title="bbox 228 1690 1336 1773; baseline -0.001 -18"><span class='ocrx_word' id='word_1_76' title='bbox 228 1690 298 1757; x_wconf 85' lang='lat' dir='ltr'>XV.</span> <span class='ocrx_word' id='word_1_77' title='bbox 331 1691 378 1755; x_wconf 81' lang='lat' dir='ltr'>nt</span> <span class='ocrx_word' id='word_1_78' title='bbox 405 1691 460 1755; x_wconf 88' lang='lat' dir='ltr'>ait</span> <span class='ocrx_word' id='word_1_79' title='bbox 485 1690 637 1773; x_wconf 79' lang='lat' dir='ltr'>Moyses</span> <span class='ocrx_word' id='word_1_80' title='bbox 665 1690 710 1755; x_wconf 92' lang='lat' dir='ltr'>ad</span> <span class='ocrx_word' id='word_1_81' title='bbox 733 1692 870 1755; x_wconf 88' lang='lat' dir='ltr'>Aaron:</span> <span class='ocrx_word' id='word_1_82' title='bbox 906 1692 1042 1756; x_wconf 90' lang='lat' dir='ltr'>accede</span> <span class='ocrx_word' id='word_1_83' title='bbox 1071 1691 1114 1755; x_wconf 90' lang='lat' dir='ltr'>ad</span> <span class='ocrx_word' id='word_1_84' title='bbox 1143 1692 1264 1757; x_wconf 85' lang='lat' dir='ltr'>altare</span> <span class='ocrx_word' id='word_1_85' title='bbox 1299 1695 1336 1757; x_wconf 91' lang='lat' dir='ltr'>et</span> 
     </span>
     <span class='ocr_line' id='line_1_13' title="bbox 185 1798 1335 1880; baseline 0 -17"><span class='ocrx_word' id='word_1_86' title='bbox 185 1798 244 1863; x_wconf 89' lang='lat' dir='ltr'>fac</span> <span class='ocrx_word' id='word_1_87' title='bbox 273 1798 371 1879; x_wconf 90' lang='lat' dir='ltr'>quod</span> <span class='ocrx_word' id='word_1_88' title='bbox 398 1817 463 1880; x_wconf 90' lang='lat' dir='ltr'>pro</span> <span class='ocrx_word' id='word_1_89' title='bbox 491 1800 650 1880; x_wconf 90' lang='lat' dir='ltr'>peccato</span> <span class='ocrx_word' id='word_1_90' title='bbox 675 1800 739 1863; x_wconf 94' lang='lat' dir='ltr'>tuo</span> <span class='ocrx_word' id='word_1_91' title='bbox 765 1805 801 1863; x_wconf 91' lang='lat' dir='ltr'>et</span> <span class='ocrx_word' id='word_1_92' title='bbox 824 1798 1095 1863; x_wconf 90' lang='lat' dir='ltr'>holocaustum</span> <span class='ocrx_word' id='word_1_93' title='bbox 1116 1802 1277 1870; x_wconf 89' lang='lat' dir='ltr'>&lt;tuum&gt;</span> <span class='ocrx_word' id='word_1_94' title='bbox 1298 1802 1335 1863; x_wconf 91' lang='lat' dir='ltr'>et</span> 
     </span>
     <span class='ocr_line' id='line_1_14' title="bbox 186 1904 1336 1989; baseline 0.001 -19"><span class='ocrx_word' id='word_1_95' title='bbox 186 1924 295 1971; x_wconf 84' lang='lat' dir='ltr'>exora</span> <span class='ocrx_word' id='word_1_96' title='bbox 318 1925 382 1989; x_wconf 89' lang='lat' dir='ltr'>pro</span> <span class='ocrx_word' id='word_1_97' title='bbox 406 1908 443 1969; x_wconf 92' lang='lat' dir='ltr'>te</span> <span class='ocrx_word' id='word_1_98' title='bbox 468 1908 505 1969; x_wconf 92' lang='lat' dir='ltr'>et</span> <span class='ocrx_word' id='word_1_99' title='bbox 528 1904 634 1969; x_wconf 92' lang='lat' dir='ltr'>domo</span> <span class='ocrx_word' id='word_1_100' title='bbox 658 1908 724 1969; x_wconf 91' lang='lat' dir='ltr'>tua</span> <span class='ocrx_word' id='word_1_101' title='bbox 748 1908 785 1969; x_wconf 92' lang='lat' dir='ltr'>et</span> <span class='ocrx_word' id='word_1_102' title='bbox 808 1904 866 1969; x_wconf 89' lang='lat' dir='ltr'>fac</span> <span class='ocrx_word' id='word_1_103' title='bbox 891 1905 985 1971; x_wconf 90' lang='lat' dir='ltr'>dona</span> <span class='ocrx_word' id='word_1_104' title='bbox 1008 1905 1141 1988; x_wconf 92' lang='lat' dir='ltr'>populi</span> <span class='ocrx_word' id='word_1_105' title='bbox 1165 1908 1202 1969; x_wconf 92' lang='lat' dir='ltr'>et</span> <span class='ocrx_word' id='word_1_106' title='bbox 1225 1924 1336 1971; x_wconf 86' lang='lat' dir='ltr'>exora</span> 
     </span>
     <span class='ocr_line' id='line_1_15' title="bbox 185 2010 1337 2095; baseline -0.001 -19"><span class='ocrx_word' id='word_1_107' title='bbox 185 2030 250 2094; x_wconf 91' lang='lat' dir='ltr'>pro</span> <span class='ocrx_word' id='word_1_108' title='bbox 284 2012 349 2087; x_wconf 86' lang='lat' dir='ltr'>eis,</span> <span class='ocrx_word' id='word_1_109' title='bbox 384 2010 566 2094; x_wconf 89' lang='lat' dir='ltr'>quomodo</span> <span class='ocrx_word' id='word_1_110' title='bbox 600 2012 797 2094; x_wconf 86' lang='lat' dir='ltr'>praecepit</span> <span class='ocrx_word' id='word_1_111' title='bbox 830 2010 1003 2075; x_wconf 91' lang='lat' dir='ltr'>dominus</span> <span class='ocrx_word' id='word_1_112' title='bbox 1028 2011 1160 2095; x_wconf 89' lang='lat' dir='ltr'>Moysi.</span> <span class='ocrx_word' id='word_1_113' title='bbox 1194 2029 1256 2076; x_wconf 94' lang='lat' dir='ltr'>non</span> <span class='ocrx_word' id='word_1_114' title='bbox 1291 2012 1337 2075; x_wconf 90' lang='lat' dir='ltr'>ait</span> 
     </span>
    </p>

    <p class='ocr_par' dir='ltr' id='par_1_7' title="bbox 141 2117 1336 2413">
     <span class='ocr_line' id='line_1_16' title="bbox 141 2117 1336 2201; baseline 0 -20"><span class='ocrx_word' id='word_1_115' title='bbox 141 2143 167 2182; x_wconf 79' lang='lat' dir='ltr'>ra</span> <span class='ocrx_word' id='word_1_116' title='bbox 190 2118 365 2200; x_wconf 74' lang='lat' dir='ltr'>„quomodo</span> <span class='ocrx_word' id='word_1_117' title='bbox 388 2118 550 2201; x_wconf 90' lang='lat' dir='ltr'>praecepit</span> <span class='ocrx_word' id='word_1_118' title='bbox 573 2117 719 2182; x_wconf 90' lang='lat' dir='ltr'>dominus</span> <span class='ocrx_word' id='word_1_119' title='bbox 743 2117 855 2193; x_wconf 88' lang='lat' dir='ltr'>mihi“‚</span> <span class='ocrx_word' id='word_1_120' title='bbox 880 2118 1000 2183; x_wconf 88' lang='lat' dir='ltr'>sedita</span> <span class='ocrx_word' id='word_1_121' title='bbox 1018 2118 1147 2183; x_wconf 92' lang='lat' dir='ltr'>locutus</span> <span class='ocrx_word' id='word_1_122' title='bbox 1172 2120 1221 2181; x_wconf 92' lang='lat' dir='ltr'>est</span> <span class='ocrx_word' id='word_1_123' title='bbox 1245 2119 1336 2200; x_wconf 92' lang='lat' dir='ltr'>quasi</span> 
     </span>
     <span class='ocr_line' id='line_1_17' title="bbox 185 2222 1333 2306; baseline -0.002 -17"><span class='ocrx_word' id='word_1_124' title='bbox 185 2224 303 2290; x_wconf 85' lang='lat' dir='ltr'>luisset</span> <span class='ocrx_word' id='word_1_125' title='bbox 333 2224 413 2287; x_wconf 89' lang='lat' dir='ltr'>alter</span> <span class='ocrx_word' id='word_1_126' title='bbox 439 2224 580 2305; x_wconf 81' lang='lat' dir='ltr'>Moyses,</span> <span class='ocrx_word' id='word_1_127' title='bbox 614 2222 667 2287; x_wconf 88' lang='lat' dir='ltr'>cui</span> <span class='ocrx_word' id='word_1_128' title='bbox 698 2222 848 2287; x_wconf 90' lang='lat' dir='ltr'>dominus</span> <span class='ocrx_word' id='word_1_129' title='bbox 881 2222 1052 2306; x_wconf 84' lang='lat' dir='ltr'>praecepit,</span> <span class='ocrx_word' id='word_1_130' title='bbox 1087 2225 1119 2287; x_wconf 87' lang='lat' dir='ltr'>et</span> <span class='ocrx_word' id='word_1_131' title='bbox 1151 2224 1230 2287; x_wconf 89' lang='lat' dir='ltr'>alter</span> <span class='ocrx_word' id='word_1_132' title='bbox 1261 2222 1333 2301; x_wconf 74' lang='lat' dir='ltr'>iste,</span> 
     </span>
     <span class='ocr_line' id='line_1_18' title="bbox 187 2328 738 2413; baseline -0.002 -18"><span class='ocrx_word' id='word_1_133' title='bbox 187 2331 242 2413; x_wconf 88' lang='lat' dir='ltr'>qui</span> <span class='ocrx_word' id='word_1_134' title='bbox 264 2331 325 2397; x_wconf 89' lang='lat' dir='ltr'>hoo</span> <span class='ocrx_word' id='word_1_135' title='bbox 349 2330 388 2393; x_wconf 85' lang='lat' dir='ltr'>ud</span> <span class='ocrx_word' id='word_1_136' title='bbox 410 2331 514 2394; x_wconf 84' lang='lat' dir='ltr'>Aaron</span> <span class='ocrx_word' id='word_1_137' title='bbox 538 2328 738 2413; x_wconf 85' lang='lat' dir='ltr'>loquebatur.</span> 
     </span>
    </p>

    <p class='ocr_par' dir='ltr' id='par_1_8' title="bbox 163 2435 1336 2626">
     <span class='ocr_line' id='line_1_19' title="bbox 231 2435 1335 2505; baseline 0 -3"><span class='ocrx_word' id='word_1_138' title='bbox 231 2436 377 2505; x_wconf 72' lang='lat' dir='ltr'>xvlat</span> <span class='ocrx_word' id='word_1_139' title='bbox 394 2438 548 2503; x_wconf 89' lang='lat' dir='ltr'>locutus</span> <span class='ocrx_word' id='word_1_140' title='bbox 569 2438 628 2502; x_wconf 80' lang='lat' dir='ltr'>es&#39;t</span> <span class='ocrx_word' id='word_1_141' title='bbox 646 2435 818 2502; x_wconf 87' lang='lat' dir='ltr'>dominus</span> <span class='ocrx_word' id='word_1_142' title='bbox 839 2436 883 2502; x_wconf 90' lang='lat' dir='ltr'>ad</span> <span class='ocrx_word' id='word_1_143' title='bbox 898 2438 1018 2503; x_wconf 82' lang='lat' dir='ltr'>Aaron</span> <span class='ocrx_word' id='word_1_144' title='bbox 1039 2436 1182 2502; x_wconf 86' lang='lat' dir='ltr'>dicens:</span> <span class='ocrx_word' id='word_1_145' title='bbox 1203 2437 1335 2502; x_wconf 89' lang='lat' dir='ltr'>uinum</span> 
     </span>
     <span class='ocr_line' id='line_1_20' title="bbox 163 2538 1336 2626; baseline -0.003 -17"><span class='ocrx_word' id='word_1_146' title='bbox 163 2538 226 2609; x_wconf 79' lang='lat' dir='ltr'>&#39;st</span> <span class='ocrx_word' id='word_1_147' title='bbox 248 2544 407 2609; x_wconf 89' lang='lat' dir='ltr'>siceram</span> <span class='ocrx_word' id='word_1_148' title='bbox 430 2560 501 2607; x_wconf 92' lang='lat' dir='ltr'>nou</span> <span class='ocrx_word' id='word_1_149' title='bbox 524 2541 668 2606; x_wconf 90' lang='lat' dir='ltr'>bibetis</span> <span class='ocrx_word' id='word_1_150' title='bbox 693 2545 725 2606; x_wconf 90' lang='lat' dir='ltr'>et</span> <span class='ocrx_word' id='word_1_151' title='bbox 748 2545 863 2608; x_wconf 87' lang='lat' dir='ltr'>cetera.</span> <span class='ocrx_word' id='word_1_152' title='bbox 888 2561 983 2626; x_wconf 89' lang='lat' dir='ltr'>quarn</span> <span class='ocrx_word' id='word_1_153' title='bbox 1002 2541 1198 2607; x_wconf 89' lang='lat' dir='ltr'>locutionem</span> <span class='ocrx_word' id='word_1_154' title='bbox 1217 2542 1336 2608; x_wconf 90' lang='lat' dir='ltr'>domini</span> 
     </span>
    </p>

    <p class='ocr_par' dir='ltr' id='par_1_9' title="bbox 144 2649 1338 3052">
     <span class='ocr_line' id='line_1_21' title="bbox 144 2649 1336 2732; baseline 0 -20"><span class='ocrx_word' id='word_1_155' title='bbox 144 2673 170 2712; x_wconf 66' lang='grc' dir='ltr'>ιο</span> <span class='ocrx_word' id='word_1_156' title='bbox 189 2651 234 2714; x_wconf 89' lang='lat' dir='ltr'>ita</span> <span class='ocrx_word' id='word_1_157' title='bbox 252 2649 428 2714; x_wconf 87' lang='lat' dir='ltr'>concludit:</span> <span class='ocrx_word' id='word_1_158' title='bbox 448 2649 572 2714; x_wconf 90' lang='lat' dir='ltr'>omnia</span> <span class='ocrx_word' id='word_1_159' title='bbox 590 2649 774 2732; x_wconf 86' lang='lat' dir='ltr'>legitima,</span> <span class='ocrx_word' id='word_1_160' title='bbox 796 2667 890 2732; x_wconf 90' lang='lat' dir='ltr'>quae</span> <span class='ocrx_word' id='word_1_161' title='bbox 910 2649 1064 2714; x_wconf 91' lang='lat' dir='ltr'>locutus</span> <span class='ocrx_word' id='word_1_162' title='bbox 1085 2652 1143 2714; x_wconf 92' lang='lat' dir='ltr'>est</span> <span class='ocrx_word' id='word_1_163' title='bbox 1162 2649 1336 2713; x_wconf 89' lang='lat' dir='ltr'>dominus</span> 
     </span>
     <span class='ocr_line' id='line_1_22' title="bbox 190 2755 1335 2838; baseline -0.001 -17"><span class='ocrx_word' id='word_1_164' title='bbox 190 2756 233 2821; x_wconf 89' lang='lat' dir='ltr'>ad</span> <span class='ocrx_word' id='word_1_165' title='bbox 256 2775 318 2821; x_wconf 93' lang='lat' dir='ltr'>eos</span> <span class='ocrx_word' id='word_1_166' title='bbox 342 2776 407 2838; x_wconf 87' lang='lat' dir='ltr'>par</span> <span class='ocrx_word' id='word_1_167' title='bbox 428 2774 575 2820; x_wconf 90' lang='lat' dir='ltr'>manum</span> <span class='ocrx_word' id='word_1_168' title='bbox 598 2755 745 2838; x_wconf 89' lang='lat' dir='ltr'>Moysi.</span> <span class='ocrx_word' id='word_1_169' title='bbox 762 2774 836 2820; x_wconf 89' lang='lat' dir='ltr'>curn</span> <span class='ocrx_word' id='word_1_170' title='bbox 868 2755 1016 2820; x_wconf 87' lang='lat' dir='ltr'>dominus</span> <span class='ocrx_word' id='word_1_171' title='bbox 1047 2755 1241 2838; x_wconf 86' lang='lat' dir='ltr'>loqueretur,</span> <span class='ocrx_word' id='word_1_172' title='bbox 1274 2773 1335 2820; x_wconf 92' lang='lat' dir='ltr'>non</span> 
     </span>
     <span class='ocr_line' id='line_1_23' title="bbox 189 2861 1338 2945; baseline -0.002 -19"><span class='ocrx_word' id='word_1_173' title='bbox 189 2863 247 2926; x_wconf 90' lang='lat' dir='ltr'>ait:</span> <span class='ocrx_word' id='word_1_174' title='bbox 281 2881 361 2945; x_wconf 87' lang='lat' dir='ltr'>quae</span> <span class='ocrx_word' id='word_1_175' title='bbox 392 2863 520 2926; x_wconf 91' lang='lat' dir='ltr'>locutus</span> <span class='ocrx_word' id='word_1_176' title='bbox 553 2881 626 2926; x_wconf 89' lang='lat' dir='ltr'>sum</span> <span class='ocrx_word' id='word_1_177' title='bbox 659 2861 699 2925; x_wconf 93' lang='lat' dir='ltr'>ad</span> <span class='ocrx_word' id='word_1_178' title='bbox 731 2880 785 2927; x_wconf 90' lang='lat' dir='ltr'>eos</span> <span class='ocrx_word' id='word_1_179' title='bbox 819 2881 875 2945; x_wconf 86' lang='lat' dir='ltr'>per</span> <span class='ocrx_word' id='word_1_180' title='bbox 906 2881 1035 2926; x_wconf 91' lang='lat' dir='ltr'>manum</span> <span class='ocrx_word' id='word_1_181' title='bbox 1063 2862 1179 2945; x_wconf 80' lang='lat' dir='ltr'>Moysi,</span> <span class='ocrx_word' id='word_1_182' title='bbox 1213 2861 1269 2926; x_wconf 91' lang='lat' dir='ltr'>sed</span> <span class='ocrx_word' id='word_1_183' title='bbox 1302 2881 1338 2926; x_wconf 89' lang='lat' dir='ltr'>ea</span> 
     </span>
     <span class='ocr_line' id='line_1_24' title="bbox 189 2968 1050 3052; baseline 0 -17"><span class='ocrx_word' id='word_1_184' title='bbox 189 2969 350 3035; x_wconf 86' lang='lat' dir='ltr'>locutione</span> <span class='ocrx_word' id='word_1_185' title='bbox 374 2987 452 3032; x_wconf 93' lang='lat' dir='ltr'>usus</span> <span class='ocrx_word' id='word_1_186' title='bbox 476 2971 535 3047; x_wconf 87' lang='lat' dir='ltr'>est,</span> <span class='ocrx_word' id='word_1_187' title='bbox 561 2985 623 3051; x_wconf 90' lang='lat' dir='ltr'>qua</span> <span class='ocrx_word' id='word_1_188' title='bbox 646 2969 793 3052; x_wconf 91' lang='lat' dir='ltr'>superius</span> <span class='ocrx_word' id='word_1_189' title='bbox 816 2968 886 3051; x_wconf 85' lang='lat' dir='ltr'>ipse</span> <span class='ocrx_word' id='word_1_190' title='bbox 910 2969 1050 3052; x_wconf 88' lang='lat' dir='ltr'>Moyses.</span> 
     </span>
    </p>

    <p class='ocr_par' dir='ltr' id='par_1_10' title="bbox 234 3075 1337 3160">
     <span class='ocr_line' id='line_1_25' title="bbox 234 3075 1337 3160; baseline -0.004 -18"><span class='ocrx_word' id='word_1_191' title='bbox 234 3078 336 3142; x_wconf 85' lang='lat' dir='ltr'><strong>XVII.</strong></span> <span class='ocrx_word' id='word_1_192' title='bbox 373 3075 605 3159; x_wconf 84' lang='lat' dir='ltr'>Legitimum</span> <span class='ocrx_word' id='word_1_193' title='bbox 641 3079 836 3140; x_wconf 89' lang='lat' dir='ltr'>aeternum</span> <span class='ocrx_word' id='word_1_194' title='bbox 872 3075 909 3141; x_wconf 90' lang='lat' dir='ltr'>in</span> <span class='ocrx_word' id='word_1_195' title='bbox 946 3076 1148 3160; x_wconf 86' lang='lat' dir='ltr'>progenies</span> <span class='ocrx_word' id='word_1_196' title='bbox 1186 3079 1337 3140; x_wconf 89' lang='lat' dir='ltr'>uestras</span> 
     </span>
    </p>

    <p class='ocr_par' dir='ltr' id='par_1_11' title="bbox 146 3181 1338 3478">
     <span class='ocr_line' id='line_1_26' title="bbox 146 3181 1338 3269; baseline -0.003 -21"><span class='ocrx_word' id='word_1_197' title='bbox 146 3183 433 3269; x_wconf 77' lang='lat' dir='ltr'>aedistinguers</span> <span class='ocrx_word' id='word_1_198' title='bbox 474 3182 574 3246; x_wconf 88' lang='lat' dir='ltr'>inter</span> <span class='ocrx_word' id='word_1_199' title='bbox 614 3181 779 3247; x_wconf 90' lang='lat' dir='ltr'>medium</span> <span class='ocrx_word' id='word_1_200' title='bbox 820 3182 1044 3249; x_wconf 89' lang='lat' dir='ltr'>mundorum</span> <span class='ocrx_word' id='word_1_201' title='bbox 1084 3185 1120 3247; x_wconf 87' lang='lat' dir='ltr'>et</span> <span class='ocrx_word' id='word_1_202' title='bbox 1162 3181 1338 3247; x_wconf 86' lang='lat' dir='ltr'>contami-</span> 
     </span>
     <span class='ocr_line' id='line_1_27' title="bbox 192 3287 1338 3370; baseline -0.003 -16"><span class='ocrx_word' id='word_1_203' title='bbox 192 3293 365 3355; x_wconf 85' lang='lat' dir='ltr'>natorum</span> <span class='ocrx_word' id='word_1_204' title='bbox 388 3293 421 3354; x_wconf 90' lang='lat' dir='ltr'>et</span> <span class='ocrx_word' id='word_1_205' title='bbox 444 3291 559 3354; x_wconf 86' lang='lat' dir='ltr'>cetera.</span> <span class='ocrx_word' id='word_1_206' title='bbox 593 3287 777 3364; x_wconf 87' lang='lat' dir='ltr'>notandum,</span> <span class='ocrx_word' id='word_1_207' title='bbox 812 3289 1081 3370; x_wconf 88' lang='lat' dir='ltr'>quemadmodum</span> <span class='ocrx_word' id='word_1_208' title='bbox 1110 3289 1195 3353; x_wconf 88' lang='lat' dir='ltr'>dieat</span> <span class='ocrx_word' id='word_1_209' title='bbox 1223 3291 1338 3353; x_wconf 87' lang='lat' dir='ltr'>aeter-</span> 
     </span>
     <span class='ocr_line' id='line_1_28' title="bbox 191 3394 888 3478; baseline 0 -17"><span class='ocrx_word' id='word_1_210' title='bbox 191 3416 287 3474; x_wconf 84' lang='lat' dir='ltr'>num,</span> <span class='ocrx_word' id='word_1_211' title='bbox 316 3394 400 3478; x_wconf 91' lang='lat' dir='ltr'>quod</span> <span class='ocrx_word' id='word_1_212' title='bbox 423 3395 533 3478; x_wconf 90' lang='lat' dir='ltr'>utique</span> <span class='ocrx_word' id='word_1_213' title='bbox 557 3413 619 3459; x_wconf 93' lang='lat' dir='ltr'>non</span> <span class='ocrx_word' id='word_1_214' title='bbox 643 3395 703 3460; x_wconf 89' lang='lat' dir='ltr'>erit</span> <span class='ocrx_word' id='word_1_215' title='bbox 725 3395 793 3460; x_wconf 88' lang='lat' dir='ltr'>sine</span> <span class='ocrx_word' id='word_1_216' title='bbox 817 3395 888 3462; x_wconf 90' lang='lat' dir='ltr'>fine.</span> 
     </span>
    </p>

    <p class='ocr_par' dir='ltr' id='par_1_12' title="bbox 192 3499 1339 3675">
     <span class='ocr_line' id='line_1_29' title="bbox 235 3499 1339 3585; baseline -0.003 -18"><span class='ocrx_word' id='word_1_217' title='bbox 235 3503 356 3568; x_wconf 87' lang='lat' dir='ltr'><strong>XVIII.</strong></span> <span class='ocrx_word' id='word_1_218' title='bbox 378 3502 507 3585; x_wconf 92' lang='lat' dir='ltr'>Moyses</span> <span class='ocrx_word' id='word_1_219' title='bbox 530 3503 663 3585; x_wconf 92' lang='lat' dir='ltr'>loquens</span> <span class='ocrx_word' id='word_1_220' title='bbox 688 3501 727 3566; x_wconf 92' lang='lat' dir='ltr'>ad</span> <span class='ocrx_word' id='word_1_221' title='bbox 744 3502 860 3581; x_wconf 80' lang='lat' dir='ltr'>Aaron,</span> <span class='ocrx_word' id='word_1_222' title='bbox 884 3503 1016 3567; x_wconf 83' lang='lat' dir='ltr'>Eleazar</span> <span class='ocrx_word' id='word_1_223' title='bbox 1039 3503 1070 3566; x_wconf 88' lang='lat' dir='ltr'>et</span> <span class='ocrx_word' id='word_1_224' title='bbox 1092 3501 1233 3565; x_wconf 84' lang='lat' dir='ltr'>ithamar</span> <span class='ocrx_word' id='word_1_225' title='bbox 1255 3499 1339 3564; x_wconf 88' lang='lat' dir='ltr'>filios</span> 
     </span>
     <span class='ocr_line' id='line_1_30' title="bbox 192 3605 1337 3675; baseline -0.005 -1"><span class='ocrx_word' id='word_1_226' title='bbox 192 3610 260 3675; x_wconf 90' lang='lat' dir='ltr'>eius</span> <span class='ocrx_word' id='word_1_227' title='bbox 288 3609 370 3674; x_wconf 90' lang='lat' dir='ltr'>inter</span> <span class='ocrx_word' id='word_1_228' title='bbox 397 3612 502 3674; x_wconf 90' lang='lat' dir='ltr'>cetera</span> <span class='ocrx_word' id='word_1_229' title='bbox 529 3607 626 3672; x_wconf 87' lang='lat' dir='ltr'>etiam</span> <span class='ocrx_word' id='word_1_230' title='bbox 654 3608 715 3672; x_wconf 94' lang='lat' dir='ltr'>hoc</span> <span class='ocrx_word' id='word_1_231' title='bbox 743 3607 802 3672; x_wconf 91' lang='lat' dir='ltr'>ait:</span> <span class='ocrx_word' id='word_1_232' title='bbox 828 3628 847 3672; x_wconf 91' lang='lat' dir='ltr'>a</span> <span class='ocrx_word' id='word_1_233' title='bbox 870 3606 1079 3673; x_wconf 80' lang='lat' dir='ltr'>sacrificiis</span> <span class='ocrx_word' id='word_1_234' title='bbox 1113 3605 1337 3671; x_wconf 88' lang='lat' dir='ltr'>salutarium</span> 
     </span>
    </p>

    <p class='ocr_par' dir='ltr' id='par_1_13' title="bbox 146 3713 1338 3795">
     <span class='ocr_line' id='line_1_31' title="bbox 146 3713 1338 3795; baseline -0.002 -17"><span class='ocrx_word' id='word_1_235' title='bbox 146 3738 173 3778; x_wconf 80' lang='lat' dir='ltr'>aa</span> <span class='ocrx_word' id='word_1_236' title='bbox 192 3716 363 3781; x_wconf 82' lang='lat' dir='ltr'>tiliorum</span> <span class='ocrx_word' id='word_1_237' title='bbox 383 3715 554 3781; x_wconf 84' lang='lat' dir='ltr'>Israhel.</span> <span class='ocrx_word' id='word_1_238' title='bbox 571 3714 766 3779; x_wconf 89' lang='lat' dir='ltr'>brachium</span> <span class='ocrx_word' id='word_1_239' title='bbox 786 3714 996 3780; x_wconf 91' lang='lat' dir='ltr'>ablationis</span> <span class='ocrx_word' id='word_1_240' title='bbox 1016 3715 1052 3778; x_wconf 91' lang='lat' dir='ltr'>et</span> <span class='ocrx_word' id='word_1_241' title='bbox 1069 3713 1338 3795; x_wconf 89' lang='lat' dir='ltr'>pectusculum</span> 
     </span>
    </p>
   </div>
   <div class='ocr_carea' id='block_1_3' title="bbox 192 3885 1338 4044">
    <p class='ocr_par' dir='ltr' id='par_1_14' title="bbox 192 3885 1338 4044">
     <span class='ocr_line' id='line_1_32' title="bbox 283 3885 1338 3956; baseline -0.003 -13"><span class='ocrx_word' id='word_1_242' title='bbox 283 3889 383 3944; x_wconf 72' lang='lat' dir='ltr'>laen.</span> <span class='ocrx_word' id='word_1_243' title='bbox 402 3889 427 3956; x_wconf 86' lang='lat'>8,</span> <span class='ocrx_word' id='word_1_244' title='bbox 446 3888 478 3941; x_wconf 88' lang='lat'>31</span> <span class='ocrx_word' id='word_1_245' title='bbox 544 3888 721 3954; x_wconf 67' lang='lat' dir='ltr'>clusas</span> <span class='ocrx_word' id='word_1_246' title='bbox 781 3887 955 3955; x_wconf 80' lang='lat' dir='ltr'>111b.9,7</span> <span class='ocrx_word' id='word_1_247' title='bbox 1015 3887 1048 3944; x_wconf 84' lang='lat'>18</span> <span class='ocrx_word' id='word_1_248' title='bbox 1066 3888 1132 3942; x_wconf 86' lang='lat' dir='ltr'>Len.</span> <span class='ocrx_word' id='word_1_249' title='bbox 1154 3888 1196 3951; x_wconf 88' lang='lat'>10,</span> <span class='ocrx_word' id='word_1_250' title='bbox 1216 3887 1240 3942; x_wconf 85' lang='grc'>8.</span> <span class='ocrx_word' id='word_1_251' title='bbox 1260 3887 1285 3940; x_wconf 82' lang='grc'>9.</span> <span class='ocrx_word' id='word_1_252' title='bbox 1306 3885 1338 3940; x_wconf 95' lang='grc'>11</span> 
     </span>
     <span class='ocr_line' id='line_1_33' title="bbox 192 3977 799 4044; baseline -0.005 -10"><span class='ocrx_word' id='word_1_253' title='bbox 192 3981 227 4033; x_wconf 80' lang='grc'>24</span> <span class='ocrx_word' id='word_1_254' title='bbox 244 3979 310 4034; x_wconf 86' lang='lat' dir='ltr'>Lea.</span> <span class='ocrx_word' id='word_1_255' title='bbox 331 3978 374 4044; x_wconf 85' lang='lat'>10,</span> <span class='ocrx_word' id='word_1_256' title='bbox 391 3978 418 4035; x_wconf 77' lang='grc'>9.</span> <span class='ocrx_word' id='word_1_257' title='bbox 437 3977 472 4032; x_wconf 87' lang='lat'>10</span> <span class='ocrx_word' id='word_1_258' title='bbox 526 3977 618 4033; x_wconf 77' lang='lat' dir='ltr'>salo.</span> <span class='ocrx_word' id='word_1_259' title='bbox 640 3977 799 4043; x_wconf 82' lang='lat'>10,14.15</span> 
     </span>
    </p>
   </div>
   <div class='ocr_carea' id='block_1_4' title="bbox 192 4081 1343 4418">
    <p class='ocr_par' dir='ltr' id='par_1_15' title="bbox 192 4081 1343 4418">
     <span class='ocr_line' id='line_1_34' title="bbox 228 4081 1341 4158; baseline -0.005 -18"><span class='ocrx_word' id='word_1_260' title='bbox 228 4085 366 4158; x_wconf 73' lang='lat' dir='ltr'>2quel&#39;</span> <span class='ocrx_word' id='word_1_261' title='bbox 425 4087 495 4139; x_wconf 70' lang='lat' dir='ltr'>tea</span> <span class='ocrx_word' id='word_1_262' title='bbox 512 4085 624 4154; x_wconf 75' lang='lat' dir='ltr'>scripsi:</span> <span class='ocrx_word' id='word_1_263' title='bbox 643 4101 703 4139; x_wconf 87' lang='lat' dir='ltr'>eam</span> <span class='ocrx_word' id='word_1_264' title='bbox 725 4084 814 4139; x_wconf 81' lang='lat' dir='ltr'>0de</span> <span class='ocrx_word' id='word_1_265' title='bbox 876 4083 980 4138; x_wconf 82' lang='lat' dir='ltr'>ohlau</span> <span class='ocrx_word' id='word_1_266' title='bbox 1003 4083 1029 4138; x_wconf 81' lang='grc' dir='ltr'><strong><em>Τ</em></strong></span> <span class='ocrx_word' id='word_1_267' title='bbox 1091 4083 1124 4136; x_wconf 85' lang='grc'>12</span> <span class='ocrx_word' id='word_1_268' title='bbox 1143 4084 1221 4136; x_wconf 91' lang='lat' dir='ltr'>tuum</span> <span class='ocrx_word' id='word_1_269' title='bbox 1240 4081 1341 4134; x_wconf 81' lang='lat' dir='ltr'>addidi</span> 
     </span>
     <span class='ocr_line' id='line_1_35' title="bbox 192 4169 1343 4246; baseline -0.004 -17"><span class='ocrx_word' id='word_1_270' title='bbox 192 4191 244 4231; x_wconf 82' lang='lat' dir='ltr'>sec.</span> <span class='ocrx_word' id='word_1_271' title='bbox 266 4175 376 4246; x_wconf 67' lang='lat' dir='ltr'>Queat.</span> <span class='ocrx_word' id='word_1_272' title='bbox 394 4175 426 4228; x_wconf 81' lang='lat' dir='ltr'>ia</span> <span class='ocrx_word' id='word_1_273' title='bbox 444 4173 512 4229; x_wconf 80' lang='lat' dir='ltr'>Lea.</span> <span class='ocrx_word' id='word_1_274' title='bbox 532 4179 636 4243; x_wconf 68' lang='lat' dir='ltr'>punem.</span> <span class='ocrx_word' id='word_1_275' title='bbox 655 4173 784 4228; x_wconf 83' lang='lat' dir='ltr'><em>XXVII</em></span> <span class='ocrx_word' id='word_1_276' title='bbox 836 4174 871 4228; x_wconf 85' lang='lat'>14</span> <span class='ocrx_word' id='word_1_277' title='bbox 889 4173 1056 4244; x_wconf 83' lang='lat' dir='ltr'>precepitO</span> <span class='ocrx_word' id='word_1_278' title='bbox 1117 4173 1150 4226; x_wconf 89' lang='lat'>15</span> <span class='ocrx_word' id='word_1_279' title='bbox 1167 4169 1343 4240; x_wconf 83' lang='lat' dir='ltr'>loquutusG</span> 
     </span>
     <span class='ocr_line' id='line_1_36' title="bbox 193 4259 1341 4334; baseline -0.005 -16"><span class='ocrx_word' id='word_1_280' title='bbox 193 4263 229 4318; x_wconf 79' lang='lat'>20</span> <span class='ocrx_word' id='word_1_281' title='bbox 247 4265 328 4334; x_wconf 85' lang='lat' dir='ltr'>quac]</span> <span class='ocrx_word' id='word_1_282' title='bbox 348 4280 377 4332; x_wconf 82' lang='lat' dir='ltr'>q:</span> <span class='ocrx_word' id='word_1_283' title='bbox 403 4263 428 4317; x_wconf 82' lang='lat'><em>0</em></span> <span class='ocrx_word' id='word_1_284' title='bbox 498 4263 532 4317; x_wconf 80' lang='grc'>22</span> <span class='ocrx_word' id='word_1_285' title='bbox 555 4263 684 4316; x_wconf 81' lang='lat' dir='ltr'>nranuO</span> <span class='ocrx_word' id='word_1_286' title='bbox 751 4263 787 4315; x_wconf 85' lang='grc'>26</span> <span class='ocrx_word' id='word_1_287' title='bbox 810 4261 959 4317; x_wconf 88' lang='lat' dir='ltr'>notandum</span> <span class='ocrx_word' id='word_1_288' title='bbox 984 4265 1042 4328; x_wconf 83' lang='lat' dir='ltr'>(tan</span> <span class='ocrx_word' id='word_1_289' title='bbox 1065 4261 1096 4316; x_wconf 77' lang='lat' dir='ltr'>in</span> <span class='ocrx_word' id='word_1_290' title='bbox 1118 4262 1173 4328; x_wconf 80' lang='lat' dir='ltr'>fine</span> <span class='ocrx_word' id='word_1_291' title='bbox 1190 4275 1260 4313; x_wconf 78' lang='lat' dir='ltr'>uera.</span> <span class='ocrx_word' id='word_1_292' title='bbox 1280 4259 1341 4312; x_wconf 83' lang='lat' dir='ltr'>alia</span> 
     </span>
     <span class='ocr_line' id='line_1_37' title="bbox 193 4351 438 4418; baseline 0 -13"><span class='ocrx_word' id='word_1_293' title='bbox 193 4368 294 4406; x_wconf 79' lang='lat' dir='ltr'>manaa</span> <span class='ocrx_word' id='word_1_294' title='bbox 313 4351 438 4418; x_wconf 62' lang='lat' dir='ltr'>adello*</span> 
     </span>
    </p>
   </div>
   <div class='ocr_carea' id='block_1_5' title="bbox 0 0 1586 4950">
    <p class='ocr_par' dir='ltr' id='par_1_16' title="bbox 0 0 1586 4950">
     <span class='ocr_line' id='line_1_38' title="bbox 0 0 1586 4950; baseline 0 0"><span class='ocrx_word' id='word_1_295' title='bbox 0 0 1586 4950; x_wconf 95' lang='lat' dir='ltr'> </span> 
     </span>
    </p>
   </div>
  </div>
 </body>
</html>
