3159 4950
269 492 334 557 382
623 490 649 543 S.
676 490 813 544 Aureli
841 490 1057 561 Augustini

270 706 343 752 cum
367 686 494 751 ossibus
521 689 720 751 mortuorum
744 689 778 751 et
800 686 856 751 illa
885 706 992 753 eorum
1019 688 1219 767 resurrectio,
1244 690 1281 751 ut
1303 689 1415 753 Esaiae

269 794 383 859 sedens
406 792 485 858 deus
509 796 543 857 et
564 794 596 857 in
620 796 794 876 conspeetu
817 794 885 859 eius
906 793 1059 877 Seraphin
1079 798 1112 859 et
1130 814 1192 873 ara,
1216 795 1299 861 uude
1324 795 1415 860 carbo

269 900 438 965 adsumtos
469 903 642 983 prophetae
674 900 760 964 labia
795 900 976 965 mundanit:
1013 902 1219 967 manifestum
1257 920 1330 965 eum
1368 904 1418 967 est

267 1009 413 1091 ignorare
431 1007 586 1090 potuisse,
602 1009 710 1071 utrum
728 1008 760 1070 iu
780 1026 910 1090 corpore
933 1028 970 1071 an
995 1011 1082 1072 eitra
1100 1028 1214 1092 corpus
1234 1028 1270 1073 ea
1289 1008 1415 1073 uiderit.

315 1116 345 1179 3.
370 1113 442 1192 Sed,
467 1114 495 1178 si
519 1117 606 1177 extra
629 1132 743 1196 corpus
767 1115 840 1179 uisa
863 1119 939 1179 sunt
968 1118 1000 1180 et
1028 1134 1158 1199 corpora
1185 1134 1247 1181 non
1276 1116 1416 1194 fuerunt,
1448 1136 1461 1174 a

270 1221 373 1286 adhuc
396 1220 504 1303 quaeri
526 1223 644 1303 potest,
668 1224 777 1285 utrum
801 1221 957 1305 imagines
982 1241 1149 1305 corporum
1176 1222 1357 1287 1111111111
1381 1240 1417 1287 11

270 1327 459 1406 substantia,
493 1346 574 1409 quae
606 1328 727 1391 nullam
761 1328 900 1410 corporis
934 1328 1179 1394 similitudinem
1207 1328 1299 1414 gerit,
1333 1329 1419 1394 sicut

270 1433 360 1513 deus,
394 1435 478 1498 sicut
508 1434 579 1516 ipsa
608 1453 699 1499 mens
732 1434 870 1499 hominis
903 1435 956 1500 uel
988 1435 1209 1521 intellegentia
1240 1436 1293 1500 uel
1325 1437 1417 1513 ratio,

270 1542 356 1606 sicut
383 1540 530 1618 uirtutes,
557 1540 734 1622 prudentia,
761 1542 897 1620 iustitia,
928 1544 1069 1619 castitas,
1099 1542 1225 1620 caritas,
1254 1544 1358 1626 pietas
1386 1546 1419 1606 et

271 1661 490 1731 'quaecumque
523 1646 603 1711 aliae
637 1650 722 1725 suut,
756 1667 835 1729 quas
867 1649 1084 1733 intellegendo
1118 1652 1213 1733 atque
1249 1647 1418 1733 cogitando
1440 1667 1464 1705 ιο

271 1772 505 1832 enumeramus,
538 1753 760 1831 discernimus,
794 1754 978 1833 definimus,
1012 1776 1075 1821 non
1108 1758 1221 1839 utique
1257 1756 1418 1820 intuentes

269 1862 456 1925 liniamenta
483 1878 591 1925 earum
618 1859 671 1924 uel
701 1860 823 1925 colores
853 1864 909 1925 aut
942 1862 1101 1942 quomodo
1126 1864 1240 1927 sonent
1263 1864 1319 1925 aut
1342 1860 1420 1943 quid

271 1970 378 2033 oleant
404 1970 461 2031 aut
489 1967 566 2050 quid
592 1968 624 2030 in
653 1984 706 2031 ore
727 1956 860 2050 ¹sapiant
888 1970 944 2032 aut
971 1969 1048 2051 quid
1081 1968 1352 2035 contrectantibus
1380 1966 1419 2030 de

271 2076 375 2141 calore
412 2094 470 2139 seu
506 2074 640 2157 frigore,
678 2073 882 2139 mollitudine
920 2094 976 2139 seu
1014 2075 1146 2155 duritia,
1187 2076 1321 2141 leuitate
1363 2092 1419 2138 seu

224 2213 226 2216 v
271 2183 442 2265 asperitate
464 2182 654 2261 renuntient,
679 2183 736 2247 sed
759 2183 822 2247 alia
845 2184 981 2266 quadam
1010 2184 1143 2261 uisione,
1168 2185 1231 2249 alia
1253 2184 1334 2259 luce,
1358 2180 1422 2247 alia
1440 2197 1464 2236 ¹⁵

269 2306 377 2355 rerum
392 2290 555 2354 euidentia
578 2292 611 2354 et
625 2309 662 2354 ea
674 2290 769 2374 longe
785 2290 899 2355 ceteris
918 2292 1148 2372 praestantiore
1163 2293 1259 2373 atque
1274 2289 1417 2357 certiore.

315 2398 438 2462 Rursus
461 2397 560 2482 igitur
582 2397 622 2461 ad
645 2398 755 2462 eadem
779 2398 850 2482 ipsa
874 2398 1010 2483 apostoli
1030 2398 1127 2463 uerba
1145 2398 1312 2463 redeamus
1333 2400 1364 2461 et
1383 2414 1420 2460 ea

273 2505 459 2588 diligentius
492 2507 728 2588 perscrutemur
754 2505 816 2570 hoc
844 2505 913 2570 siue
936 2505 1135 2571 dubitatione
1167 2505 1315 2588 primitus
1348 2522 1419 2568 con-

273 2613 387 2677 stituto
411 2613 514 2676 multo
538 2612 641 2696 magis
666 2615 761 2694 atque
783 2612 1062 2694 inconparabiliter
1080 2612 1218 2694 amplius
1238 2612 1420 2695 apostolum

273 2719 384 2795 scisse,
409 2717 491 2800 quod
517 2717 555 2782 de
579 2718 763 2800 incorporea
786 2737 998 2803 corporeaque
1017 2722 1129 2783 natura
1149 2737 1206 2783 uos
1225 2721 1263 2782 ut
1282 2717 1420 2783 sciamus
1439 2729 1465 2769 ω

273 2827 448 2906 utcumque
472 2841 632 2888 conamur.
658 2824 686 2888 si
709 2843 783 2908 ergo
809 2824 931 2889 sciebat
954 2824 1109 2907 spiritalia
1131 2844 1187 2909 per
1210 2841 1334 2907 eorpus,
1355 2841 1420 2888 eor·

272 2931 395 3015 poralia
413 2934 499 2995 extra
522 2949 636 3012 corpus
661 2931 763 2996 uideri
787 2930 914 2996 omnino
934 2949 995 2995 non
1014 2949 1120 3013 posse,
1141 2951 1197 2995 cur
1219 2951 1281 2996 non
1304 2949 1361 3014 per
1384 2947 1421 2994 ea

274 3039 354 3122 ipsa,
385 3055 465 3121 quae
492 3037 586 3113 uidit,
618 3038 777 3119 quomodo
807 3038 904 3101 etiarn
931 3039 1071 3120 potuerit
1098 3038 1217 3116 uidere,
1247 3037 1420 3102 discreuit?

275 3143 303 3209 si
327 3144 410 3209 enim
435 3146 540 3208 certus
564 3146 633 3208 erat
654 3143 711 3207 illa
734 3153 805 3208 esse
829 3144 994 3226 spiritalia,
1020 3163 1076 3209 our
1103 3163 1165 3210 non
1194 3145 1423 3226 consequenter

276 3254 363 3315 extra
384 3269 498 3332 corpus
523 3269 560 3315 ea
583 3269 617 3315 se
640 3251 762 3315 uidisse
786 3254 891 3315 certus
915 3251 1123 3316 nihilominus
1148 3254 1234 3315 erati
1264 3250 1292 3316 si
1315 3253 1421 3314 autem
1440 3259 1467 3298 ⁹⁵

277 3357 451 3440 corporalia
482 3376 553 3422 esse
585 3358 727 3436 nouerat,
760 3357 886 3422 nonnisi
918 3377 974 3441 per
1006 3377 1120 3441 corpus
1144 3357 1245 3423 uideri
1276 3354 1421 3441 potuisse

367 3568 382 3620 1
402 3566 435 3620 cf.
455 3565 500 3620 Es.
520 3566 544 3630 6,
566 3567 634 3620 1-7

316 3691 328 3744 1
349 3691 456 3744 aesaiae
474 3690 502 3743 P
519 3691 592 3744 esaie
611 3689 735 3745 Sisciae
755 3689 792 3744 bd
881 3691 897 3742 2
917 3691 1014 3744 serafin
1033 3691 1063 3746 Ε
1079 3691 1214 3761 seraphim
1232 3690 1279 3744 Pa
1296 3686 1422 3758 seraphin

279 3779 470 3847 (inexim)R
523 3779 741 3834 3111111111>
758 3778 1201 3850 adsumptusSassumptustd
1253 3776 1426 3849 propheteP

276 3869 426 3938 prophetae
443 3867 472 3921 R
553 3871 675 3922 osteum
694 3867 809 3923 PRde
872 3869 902 3922 11
925 3868 1108 3923 diffinirnush
1172 3864 1425 3922 121111111111111

280 3957 314 4012 13
332 3957 405 4010 oleat
422 3956 460 4010 P¹
477 3955 619 4011 redoleant
637 3957 681 4011 er
751 3973 795 4025 pr.
812 3956 889 4027 quid]
909 3959 955 4026 qui
974 3957 1002 4010 P
1055 3959 1088 4011 14
1107 3957 1164 4010 siue
1185 3957 1331 4026 asperitate
1349 3951 1428 4008 PRS

280 4047 314 4099 15
332 4044 520 4099 renuntiarent
537 4043 736 4099 Srenuncient
752 4045 780 4099 R
837 4045 869 4098 16
889 4061 920 4098 11
938 4060 959 4098 e.
980 4045 996 4098 1.
1016 4061 1051 4099 m.
1071 4049 1090 4098 2
1109 4045 1138 4097 al
1156 4044 1235 4110 alias)
1249 4043 1279 4098 E
1347 4057 1425 4112 prae·

280 4134 441 4187 sutentiore
465 4136 510 4200 (en
533 4150 575 4201 er;
597 4151 614 4186 n
639 4152 661 4187 a.
686 4134 703 4187 1.
723 4151 757 4189 m.
777 4133 848 4202 1>E
937 4134 969 4187 17
989 4133 1026 4203 11]
1047 4136 1075 4187 et
1093 4133 1155 4186 eth
1247 4131 1280 4185 18
1303 4147 1424 4201 prescru-

279 4221 410 4276 temurS
498 4223 534 4278 20
557 4221 602 4292 de]
625 4222 723 4288 deinde
742 4222 773 4277 E
880 4237 1059 4291 corporeaque
1085 4225 1140 4294 (pr.
1166 4237 1179 4274 1
1204 4235 1225 4275 s.
1250 4221 1268 4274 1.
1291 4237 1325 4274 rn.
1348 4223 1373 4287 1)
1398 4219 1426 4273 R

280 4311 379 4364 scimus
397 4311 436 4365 E¹
521 4311 554 4365 21
575 4307 636 4380 c'op.
654 4311 711 4365 llll
729 4312 761 4366 E
839 4311 873 4365 22
894 4327 963 4380 quur
981 4310 1034 4366 PR
1129 4326 1178 4380 per
1197 4312 1239 4380 ea]
1258 4311 1381 4379 preterea
1398 4307 1426 4363 R

280 4400 315 4453 24
334 4415 403 4469 quur
420 4399 475 4455 PR
