3159 4950
444 497 486 554 de
513 498 659 555 Genesi
688 498 731 553 ad
758 499 941 554 litteram
969 497 1034 554 lib.
1062 500 1095 554 X.
1258 501 1343 568 -299

196 697 340 761 etsexta
365 695 415 760 die
438 695 543 760 factus
573 694 728 778 accipitur
755 693 850 761 homo
879 695 919 759 ad
945 693 1118 779 imaginem
1141 695 1193 760 dei
1215 697 1345 779 etpost

197 800 279 866 diem
318 799 490 884 septimum
526 801 699 868 uisibiliter
736 804 873 881 creatus,
909 819 972 866 nou
1008 804 1074 867 tam
1111 801 1204 867 facile
1241 802 1343 868 uideri

194 909 312 990 potest.
345 926 444 974 nouas
478 909 594 992 quippe
628 909 749 974 animas
781 907 860 986 fieri,
894 927 974 990 quae
1005 927 1106 991 neque
1129 909 1218 992 ipsae
1241 927 1344 991 neque

194 1015 275 1080 ratio
304 1033 412 1080 earum
439 1017 602 1098 tamquam
629 1015 661 1080 in
689 1017 820 1098 parente
847 1014 945 1097 prolis
973 1017 1061 1080 serto
1092 1014 1150 1080 illo
1182 1015 1233 1080 die
1260 1014 1346 1079 facta

163 1121 239 1188 rsit
262 1140 334 1187 cum
357 1121 408 1186 his
431 1121 590 1205 operibus,
610 1141 628 1187 a
646 1122 763 1206 quibus
787 1121 1017 1188 consummatis
1035 1125 1068 1186 et
1084 1121 1242 1188 inchoatis
1265 1120 1344 1186 deus

194 1228 227 1292 in
260 1227 311 1293 die
344 1227 480 1312 septimo
512 1227 680 1312 requieuit,
714 1229 742 1294 si
774 1228 957 1307 dixerimus,
994 1227 1171 1294 cauendum
1208 1231 1268 1307 est,
1305 1245 1345 1292 ne

195 1333 314 1399 frustra
339 1337 407 1398 tam
435 1333 606 1418 diligenter
633 1335 790 1418 scriptura
820 1333 1102 1399 commendatior
1130 1333 1242 1399 diebus
1270 1353 1345 1400 cou-

197 1458 376 1506 summasse
404 1439 499 1505 deum
527 1441 634 1506 omnia
662 1459 757 1524 opera
785 1459 853 1519 sua,
879 1459 960 1524 quaa
982 1441 1060 1506 iecit
1081 1441 1166 1506 bona
1187 1440 1292 1519 uelde,
1317 1439 1344 1505 si

197 1547 320 1630 aliquas
352 1547 455 1613 adhuc
487 1551 616 1614 naturas
643 1546 749 1612 fuerat
776 1551 952 1624 creaturus,
980 1565 1059 1631 quas
1087 1565 1147 1612 nec
1173 1547 1260 1630 ipsas
1287 1564 1344 1611 nec

151 1683 178 1722 lo
198 1672 305 1719 aarum
327 1653 372 1720 ibi
393 1654 532 1720 rationes
556 1655 726 1721 causaliter
743 1655 865 1732 iecerit,
885 1654 948 1719 nisi
966 1654 1172 1739 intellegatur
1189 1653 1344 1719 rationem

197 1758 325 1841 quidem
341 1757 530 1844 singillatim
540 1758 756 1825 faciendarum
766 1759 942 1824 animarum
950 1759 1156 1824 nascentibus
1166 1758 1345 1842 quibusque

196 1865 369 1930 dandarum
387 1865 419 1930 in
439 1885 474 1931 se
492 1866 561 1948 ipso
580 1867 706 1942 habere,
726 1866 839 1931 nonin
859 1868 1003 1930 creatura
1025 1865 1132 1949 alique
1154 1863 1345 1943 condidisse,

197 1970 263 2050 sed,
289 1972 362 2055 quia
384 1991 446 2038 nou
470 1972 601 2038 alterius
625 1973 749 2058 generis
775 1974 919 2039 creatura
941 1974 991 2037 est
1010 1971 1116 2038 anima
1133 1991 1228 2054 quam
1245 1970 1344 2046 illius,

197 2077 371 2145 secundum
395 2097 490 2161 quam
515 2081 602 2144 serto
626 2079 677 2144 die
700 2079 805 2144 factus
830 2083 880 2144 est
906 2078 1002 2145 homo
1026 2078 1066 2143 ad
1087 2078 1260 2163 imaginem
1284 2077 1346 2153 dei,

154 2217 179 2261 ra
197 2204 258 2251 uon
281 2189 365 2252 recte
389 2186 452 2252 dici
475 2185 569 2250 deum
593 2205 631 2250 ea
652 2187 755 2251 facere
779 2205 875 2264 nunc,
904 2205 984 2269 quae
1012 2190 1090 2250 tunc
1113 2203 1174 2250 non
1199 2203 1346 2252 cousum-

196 2293 308 2360 mauit.
334 2291 400 2357 iam
422 2293 511 2357 ¹enim
539 2295 615 2358 tune
640 2293 778 2358 animam
801 2292 931 2372 fecerat,
956 2293 1066 2376 quales
1090 2293 1124 2357 et
1145 2310 1229 2356 nunc
1251 2291 1344 2361 facite

198 2402 230 2464 et
251 2398 323 2465 ideo
346 2419 407 2465 non
431 2398 560 2483 aliquod
583 2418 703 2464 nouum
726 2403 888 2465 creaturae
916 2417 1017 2485 genus
1041 2417 1125 2466 nunc
1147 2398 1235 2479 facit,
1259 2396 1346 2481 quod

197 2508 274 2571 tune
305 2506 337 2571 iu
371 2506 437 2571 suis
467 2505 696 2573 consummatis
725 2506 874 2589 operibus
902 2524 965 2571 uon
993 2504 1123 2583 creauit,
1151 2523 1209 2569 uec
1237 2506 1346 2571 contra

196 2614 269 2679 illas
293 2613 436 2679 causales
458 2612 598 2678 rationes
621 2631 726 2678 rerum
743 2611 933 2689 futurarum,
952 2630 1032 2695 quas
1050 2609 1253 2676 uniuersitati
1270 2612 1347 2675 tuuc
1441 2648 1445 2657 ·

153 2754 180 2794 ,ο
197 2720 321 2797 indidit,
353 2720 433 2785 haec
465 2720 534 2785 eius
567 2720 707 2803 operatio
741 2721 801 2797 est,
834 2718 891 2785 sed
918 2718 1027 2801 potius
1050 2718 1225 2784 secuudum
1248 2717 1346 2801 ipsas,

199 2825 453 2909 quandoquidem
491 2827 674 2910 corporibus
711 2826 871 2903 humanis,
904 2844 1038 2909 quorum
1071 2844 1107 2890 er
1137 2823 1204 2890 illis
1235 2824 1346 2909 primis

199 2932 347 3017 operibus
375 2932 561 3017 propagatio
590 2932 775 2999 continuata
803 2932 1006 2999 successione
1032 2932 1242 3015 protenditur,
1265 2934 1346 2997 tales

198 3040 345 3124 congruit
368 3039 488 3105 animas
511 3039 619 3115 inseri,
643 3040 753 3122 quales
776 3057 861 3104 nune
884 3038 963 3105 facit
985 3042 1080 3121 atque
1103 3038 1225 3104 inserit.

243 3142 441 3230 Quapropter
463 3145 543 3210 nihil
564 3146 626 3210 iam
650 3146 812 3225 timentes,
831 3164 871 3210 ne
890 3148 1000 3211 contra
1021 3145 1120 3211 uerba
1142 3144 1216 3209 libri
1229 3144 1344 3216 buius,

153 3287 179 3327 25
198 3270 277 3335 quae
310 3252 348 3317 de
379 3252 482 3335 prima
513 3252 569 3317 illa
601 3270 654 3317 ser
687 3252 810 3317 dierum
842 3250 1022 3317 conditione
1055 3250 1234 3335 conscripta
1259 3254 1345 3327 sunt,

197 3358 359 3441 quaelibet
379 3358 491 3423 hurum
512 3359 617 3424 trium¹
638 3359 868 3423 sententiarum
894 3358 1104 3441 probabilitas
1130 3356 1252 3433 uicerit,
1277 3376 1345 3423 sen·

197 3464 256 3529 tire
287 3465 464 3543 uideamur,
498 3464 712 3549 suscipiamus
745 3465 979 3551 diligentiorem
1017 3464 1212 3548 quaestionis
1248 3464 1345 3528 huius

197 3572 485 3657 pertractationem,
514 3574 668 3655 quantum
696 3570 830 3635 adiuuat
856 3570 946 3649 deus,
974 3589 1013 3635 ue
1036 3570 1117 3635 forte
1140 3569 1208 3635 fieri
1230 3570 1344 3652 possit,

232 3797 359 3852 tuidere
377 3796 416 3852 P¹
476 3796 569 3867 dipsa
586 3794 656 3853 RSb
709 3794 1152 3866 disceptaremus
1190 3796 1252 3867 5a]
1272 3794 1302 3849 in
1319 3796 1347 3851 P

197 3887 366 3957 iscriptura
384 3886 484 3956 boitro
502 3891 566 3940 aute
584 3888 640 3939 tem
658 3883 732 3941 iud
783 3884 931 3939 tincturas
948 3882 1080 3939 adhue&¹
1153 3888 1289 3939 creaturas
1307 3882 1345 3939 P¹

197 3992 264 4046 quar
282 3974 377 4031 ome
467 3974 498 4027 ll
519 3974 669 4045 singilatim
687 3973 715 4027 P
805 3973 839 4027 12
858 3972 1012 4029 condfflisse
1032 3976 1089 4043 (pr.
1107 3973 1255 4029 ierem.
1272 3977 1299 4041 1)
1317 3974 1346 4029 R

197 4064 231 4118 15
250 4062 315 4133 diei]
333 4062 482 4119 dicimusb
547 4063 581 4117 16
600 4062 718 4117 animam
735 4078 757 4119 e.
777 4063 795 4117 l.
815 4079 850 4118 m.
868 4060 926 4117 1³
994 4078 1066 4117 nuuc
1086 4066 1112 4132 (c
1130 4061 1195 4119 odd.
1215 4079 1250 4117 er.
1269 4064 1297 4129 2)
1316 4060 1344 4117 R

198 4153 230 4206 17
248 4151 355 4222 aliquid¹
370 4151 415 4208 Ro
484 4150 517 4207 18
536 4151 592 4206 suis
610 4167 631 4207 s.
652 4150 670 4206 l.
688 4168 723 4207 m.
743 4156 758 4205 1
776 4151 800 4207 S
816 4150 904 4207 camb
976 4150 1011 4205 22
1029 4152 1164 4207 successio
1182 4152 1343 4223 propagatio

197 4241 355 4295 corfinusta
373 4241 542 4296 successione
555 4240 584 4294 P
636 4240 671 4295 23
685 4238 852 4310 congruetS
922 4238 1011 4309 qualis
1025 4239 1053 4294 P
1105 4241 1141 4294 24
1159 4241 1212 4295 iam
1225 4240 1294 4295 nihil
1307 4241 1346 4297 bd

195 4326 280 4383 uerba
296 4328 392 4385 ona&
460 4329 495 4384 25
518 4328 670 4383 conseribta
688 4328 745 4383 ΕΡ
815 4328 850 4383 26
868 4326 1006 4401 alteritS
1075 4328 1111 4383 27
1134 4328 1347 4400 questionemS

196 4416 231 4470 28
251 4416 365 4473 adiubat
382 4417 421 4472 ΕΙ
493 4416 628 4489 possetS
