3159 4950
596 414 850 484 inperfectus
877 415 991 471 liber.
1299 421 1362 485 471

213 608 396 692 uultumque
420 608 548 673 omnino
572 626 642 673 esse
666 612 854 687 creaturam,
879 628 959 692 quae
983 630 1044 675 non
1069 556 1206 695 affluit
1234 613 1363 678 initium

212 714 502 799 perfectionemque
525 714 643 779 habeat
665 715 790 799 generis
815 718 847 781 et
870 717 1069 783 substantiae
1092 737 1179 783 suae.

259 825 288 889 5.
314 822 360 893 Et
392 822 488 889 dixit
521 821 626 888 deus:
660 822 732 887 fiat
762 823 902 888 lux.et
932 824 1036 890 facta
1069 828 1128 914 est
1159 826 1233 891 lux.
1267 826 1363 895 deum

215 930 346 995 dixisse:
375 930 448 995 fiat
474 928 547 1006 lux,
576 949 638 994 non
666 948 746 995 uoce
771 930 809 995 de
833 920 1039 1012 pulmonibus
1064 932 1151 997 edita
1173 952 1232 999 nec
1253 932 1366 1023 bagua

179 1040 247 1102 eet
279 1036 427 1101 dentibus
461 1035 613 1101 debemus
647 1035 798 1120 accipere.
832 1038 1006 1102 eumalium
1034 1042 1110 1104 suut
1135 1040 1216 1105 istae
1245 1042 1364 1125 cogita-

213 1144 332 1219 tionem
358 1142 535 1209 secundum
558 1162 683 1209 carnem
708 1146 815 1209 autem
840 1163 950 1228 sapere
974 1164 1059 1211 mors
1085 1149 1144 1211 est.
1174 1147 1230 1212 sed
1257 1122 1413 1213 inette-'⁴⁶

213 1252 321 1316 biliter
344 1250 463 1315 dictum
487 1253 550 1315 est:
574 1250 647 1315 fiat
667 1250 740 1315 lux.
770 1253 881 1315 utrum
910 1255 1018 1317 autem
1045 1252 1106 1317 hoc
1134 1252 1219 1336 quod
1242 1253 1363 1319 dictum

212 1362 265 1423 est
290 1358 356 1423 filio
385 1356 548 1443 unigenito
579 1356 700 1431 dictum
730 1360 780 1422 est
808 1376 847 1422 au
875 1358 909 1422 id
932 1358 1037 1442 ipsum
1061 1359 1147 1442 quod
1169 1359 1291 1426 dictum
1315 1364 1365 1424 est

215 1466 298 1531 iilius
322 1466 503 1549 unigenitus
524 1464 676 1548 estquod
695 1464 818 1530 dictum
838 1465 972 1531 uerbum
990 1466 1041 1532 dei
1060 1467 1186 1545 dicitur,
1204 1487 1262 1551 per
1280 1466 1364 1551 quod

168 1593 196 1633 rc
214 1572 299 1637 factu
317 1574 393 1637 sunt
411 1572 526 1651 omnia,
547 1570 654 1654 quaeri
672 1572 790 1654 potest,
811 1570 887 1636 dum
911 1575 1017 1639 tamen
1035 1574 1093 1637 illa
1110 1574 1196 1639 absit
1217 1575 1363 1659 inpietas,

215 1682 252 1743 ut
274 1678 407 1743 uerbum
428 1676 479 1743 dei
497 1677 696 1761 unigenitum
719 1676 822 1742 filium
845 1680 936 1761 quasi
959 1698 1074 1745 uocem
1101 1682 1256 1764 prolatam
1279 1681 1365 1747 sicut

216 1785 346 1851 anobis
370 1786 407 1850 fit
430 1804 500 1849 esse
524 1783 701 1850 credamus.
725 1784 860 1849 uerbum
883 1788 991 1851 autem
1015 1785 1075 1866 dei,
1094 1807 1150 1869 per
1173 1788 1258 1872 quod
1280 1788 1365 1853 sacta

216 1895 291 1958 sunt
313 1892 428 1969 omnia,
452 1910 510 1956 nec
534 1891 640 1973 coepit
662 1910 732 1957 esse
756 1910 815 1956 nec
838 1891 977 1969 desinet;
1002 1892 1059 1957 sed
1077 1894 1145 1959 siue
1163 1894 1363 1960 inchoatione

215 2002 326 2064 natum
357 1999 440 2082 patri
472 2001 675 2063 coaeteruum
708 2000 767 2062 est.
802 2018 897 2081 quere
929 2000 1001 2078 hoc,
1035 1999 1120 2082 quod
1149 2000 1270 2067 dictum
1299 2004 1362 2067 est:

170 2126 198 2167 ιε
216 2107 288 2171 fiat
309 2106 382 2183 lux,
408 2105 435 2169 si
459 2107 491 2169 et
514 2105 619 2188 coepit
643 2108 675 2169 et
698 2104 823 2170 destitit
846 2105 918 2184 dici,
942 2107 1046 2191 magis
1074 2107 1140 2173 filio
1169 2108 1290 2175 dictum
1315 2112 1365 2173 est

215 2214 276 2278 hoc
302 2212 437 2277 uerbum
466 2231 558 2295 quam
586 2212 693 2295 ipsum
722 2214 772 2277 est
798 2212 894 2277 filins.
929 2216 961 2277 et
983 2216 1089 2280 tamen
1115 2215 1209 2279 etiam
1233 2214 1294 2281 hoc
1317 2214 1364 2279 in·

215 2320 393 2397 effabiliter,
426 2339 465 2384 ne
497 2320 630 2384 carnalis
662 2319 768 2402 imago
802 2319 955 2403 subrepat
981 2320 1013 2384 in
1041 2322 1179 2386 animam
1208 2324 1240 2386 et
1270 2322 1363 2386 intel·

214 2424 335 2494 lectum
357 2426 447 2510 pium
471 2426 646 2511 spiritalem
670 2425 846 2505 conturbet,
866 2426 941 2509 quia
964 2430 997 2492 et
1018 2427 1159 2512 incipere
1185 2427 1307 2513 aliquid
1331 2432 1363 2494 et

217 2533 359 2599 desinere
391 2517 423 2598 in
456 2537 569 2598 natura
601 2533 662 2612 dei,
696 2533 724 2596 si
755 2533 879 2616 proprie
912 2533 1096 2616 accipiatur,
1129 2535 1295 2599 temeraria
1331 2538 1364 2600 et

171 2666 198 2706 so
217 2659 366 2725 praeceps
399 2641 505 2725 opinio
539 2644 597 2718 est,
632 2639 811 2704 carnalibus
843 2643 950 2704 tamen
976 2643 1009 2706 et
1030 2640 1174 2724 paruulis
1197 2660 1259 2705 non
1283 2644 1362 2705 tam-

217 2767 311 2831 quam
334 2746 366 2810 in
391 2765 429 2812 ea
451 2746 609 2811 mansuris
633 2745 689 2811 sed
712 2747 876 2827 tamquam
904 2745 977 2810 iude
1004 2746 1231 2811 resurrecturis
1253 2746 1363 2811 huma-

216 2852 348 2918 dissime
372 2850 581 2918 concedenda.
613 2851 767 2935 quidquid
791 2853 876 2917 enim
898 2853 1036 2936 incipere
1060 2858 1093 2919 et
1115 2854 1260 2919 desinere
1283 2855 1362 2920 deus

218 2959 342 3036 dicitur,
366 2959 453 3022 nullo
477 2957 572 3022 modo
591 2957 623 3020 in
642 2957 744 3040 ipsius
764 2959 951 3023 natumsed
969 2959 1002 3024 in
1021 2959 1090 3024 eius
1109 2941 1262 3039 creatura,
1282 2979 1362 3042 quae

216 3066 265 3130 illi
287 3065 376 3129 miris
399 3064 504 3129 modis
528 3065 737 3148 obtemperat,
761 3065 1012 3150 intellegendum
1035 3069 1095 3131 est.

169 3199 198 3240 ss
260 3173 307 3237 Et
325 3173 420 3238 dixit
438 3172 544 3238 deus:
565 3172 636 3237 fiat
653 3173 724 3242 lux.
744 3175 852 3238 utrum
873 3193 912 3239 ea
928 3175 992 3253 lux,
1014 3193 1093 3257 quae
1112 3174 1164 3238 his
1183 3173 1362 3238 carnalibus

216 3279 318 3345 oculis
351 3282 448 3362 patet,
473 3299 511 3344 an
544 3279 650 3363 aliqua
681 3281 818 3360 occulta,
851 3300 946 3364 quam
970 3281 1061 3346 nobis
1083 3300 1141 3364 per
1163 3281 1224 3345 hoc
1247 3297 1362 3361 corpus

215 3386 324 3451 uidere
352 3405 414 3452 non
444 3385 553 3451 datum
582 3389 652 3451 est?
686 3390 718 3450 et
745 3386 774 3451 si
802 3387 939 3466 occulta,
964 3391 1071 3452 utrum
1100 3404 1257 3469 corporea,
1282 3405 1361 3468 quae

215 3513 272 3577 per
301 3494 444 3559 locorum
478 3492 580 3576 spatia
611 3492 752 3557 tenditur
784 3493 921 3558 fortasse
943 3494 976 3559 in
1001 3493 1194 3558 sublimibus
1217 3493 1361 3576 partibus

215 3601 336 3678 mundi,
370 3618 408 3664 an
440 3599 633 3682 incorporea,
658 3599 762 3681 qualis
789 3600 822 3664 iu
851 3599 957 3664 anima
980 3603 1032 3666 est
1054 3601 1093 3665 ad
1117 3617 1212 3683 quam
1239 3599 1361 3662 uitandi

305 3773 321 3828 3
341 3773 407 3828 Gen.
428 3774 451 3838 1,
471 3775 488 3828 3
544 3773 560 3827 6
580 3772 612 3827 ci.
630 3771 707 3826 Rom.
726 3769 787 3838 8,'6
844 3774 860 3826 9
880 3773 913 3829 cf.
932 3772 990 3826 Ich.
1012 3775 1036 3836 1,
1057 3773 1080 3828 1.
1101 3773 1117 3827 3

251 3888 535 3959 2prcfectionemquc
553 3887 615 3940 ML
704 3887 721 3942 5
747 3887 869 3956 accipere
893 3886 1021 3941 debemus
1044 3886 1144 3941 MLbd
1233 3887 1249 3940 6
1268 3891 1361 3942 autem

213 3993 321 4032 curnem
344 3978 466 4032 TMLbd
527 3975 591 4030 8id
610 3992 661 4031 om.
680 3975 707 4030 L
770 3975 851 4030 adei
869 3975 980 4030 uerbum
999 3975 1100 4031 Muta
1166 3977 1197 4031 11
1217 3977 1260 4046 ut]
1279 3992 1314 4029 ne

215 4067 249 4122 15
269 4065 336 4121 dicit
358 4067 384 4120 V
455 4067 488 4120 17
506 4082 556 4120 nec
575 4066 612 4120 bd
682 4065 801 4120 animum
821 4065 860 4119 bd
929 4066 961 4118 21
982 4065 1010 4117 in
1030 4068 1238 4134 ea-tamquam
1256 4081 1308 4118 om.
1326 4064 1364 4119 M

213 4139 375 4210 surrecturis
407 4155 469 4210 Vod
495 4155 609 4210 recturis
637 4155 663 4208 L
772 4155 807 4208 22
834 4159 900 4223 poet
931 4153 1103 4208 concedenda
1135 4153 1201 4209 cdd.
1229 4156 1272 4207 est
1297 4152 1362 4206 Lod

213 4243 345 4314 quicquid
368 4246 421 4312 (eie
441 4249 556 4314 semper)
581 4244 694 4300 VTML
803 4244 885 4313 enim]
909 4243 1036 4297 tament
1127 4243 1163 4297 25
1180 4243 1234 4297 hiis
1253 4242 1313 4296 ML
1332 4243 1361 4296 in

213 4331 257 4386 bis
281 4333 314 4387 T²
368 4335 403 4388 29
422 4333 601 4388 an-uitandi
619 4339 693 4403 repet
719 4333 751 4388 io
768 4333 807 4388 M
