3159 4950
289 451 331 512 20
655 449 681 502 S.
711 447 848 501 Aureli
877 448 1102 518 Augustini

287 663 414 708 omnem
438 643 521 707 diem
544 643 631 723 fecit,
651 643 735 708 sicut
758 646 830 708 ante
848 645 984 708 istorum
1008 643 1131 708 dierum
1155 645 1326 727 primorum
1352 665 1437 711 com·

287 750 548 816 memorationem
573 751 726 833 scriptum
750 754 815 816 est:
842 751 879 815 in
903 751 1090 834 principio
1125 751 1220 816 fecit
1242 752 1335 816 deus
1358 770 1437 816 cae·

286 858 363 921 lum
387 861 424 922 et
446 860 593 935 terram,
617 857 708 921 utin
732 860 834 922 terrae
856 858 1014 923 uocabulo
1036 857 1262 942 intellegamus
1289 858 1354 922 iam
1375 857 1437 923 for-

287 968 406 1030 matam
434 972 589 1028 terrenam
623 963 761 1046 speciem
791 963 968 1046 superfusis
1001 963 1092 1044 aquis
1123 963 1187 1028 ista
1217 963 1282 1028 iam
1314 962 1438 1028 nisibili

286 1071 392 1155 specie
417 1071 468 1135 sui
492 1069 617 1154 generis
642 1069 821 1146 declaratis,
840 1069 928 1133 utin
948 1089 995 1143 eo,
1015 1069 1101 1151 quod
1120 1069 1265 1151 sequitur
1280 1070 1438 1152 scriptura
1472 1096 1485 1132 s

286 1179 409 1243 dicens:
435 1181 536 1242 terra
560 1180 684 1241 autem
713 1179 793 1242 erat
815 1176 1032 1241 inuisibilis
1057 1178 1098 1240 et
1120 1177 1373 1259 inconposita,
1399 1182 1436 1241 et

284 1286 463 1350 tenebrae
488 1287 594 1349 erant
616 1303 729 1367 super
752 1285 945 1367 abyssum3
979 1287 1016 1348 et
1039 1284 1201 1367 spiritus
1226 1283 1285 1348 dei
1309 1303 1437 1366 super-

254 1435 256 1440 ·
284 1392 479 1456 ferebatur
502 1410 616 1474 super
639 1409 782 1474 aquam,
802 1391 922 1455 nullam
942 1390 1109 1473 opinemur
1130 1390 1357 1456 informitatem
1370 1411 1437 1454 ma·

284 1498 392 1574 terias,
412 1498 469 1562 sed
487 1500 604 1561 terram
628 1499 659 1560 et
678 1515 793 1578 aquam
812 1496 977 1574 sinemus,
997 1515 1077 1579 quae
1095 1495 1237 1560 nondum
1256 1497 1323 1560 erat
1339 1495 1436 1564 facta.

284 1605 351 1670 suis
374 1605 438 1670 iam
461 1604 637 1669 notissimis
662 1603 870 1685 qualitatibus
895 1603 1049 1679 conditas,
1077 1606 1115 1666 ut
1141 1601 1214 1667 ideo
1241 1604 1325 1666 tenu
1352 1602 1436 1667 inni·
1458 1627 1482 1661 ro

284 1711 388 1776 sibilis
422 1711 506 1775 dicta
537 1695 770 1794 intellegatur,¹
791 1708 876 1792 quod
913 1710 1004 1792 aquis
1042 1712 1190 1792 cooperta
1225 1729 1287 1774 non
1324 1716 1435 1793 posset

283 1818 396 1895 uideri,
416 1817 540 1882 etiamsi
561 1820 655 1894 esset,
676 1818 731 1899 qui
753 1819 865 1899 posset
886 1816 1005 1893 uidere,
1030 1815 1100 1881 ideo
1124 1835 1200 1881 uero
1223 1816 1435 1898 inconposita.

283 1925 358 2007 quia
379 1922 518 1988 nondum
544 1924 663 1988 amari
686 1923 836 1989 distincta
860 1927 892 1988 ct
915 1925 1019 1988 cincta
1044 1923 1192 1988 litoribus
1217 1926 1249 1987 et
1272 1924 1339 1990 suis
1363 1925 1435 1989 feti·

283 2031 343 2096 bus
367 2030 621 2112 animalibusque
645 2030 805 2095 decorata:
830 2031 857 2094 si
882 2050 956 2114 ergo
975 2030 1022 2094 ita
1044 2032 1103 2107 est,
1124 2049 1181 2094 cur
1198 2030 1278 2095 istae
1298 2031 1435 2113 species.

281 2157 364 2221 ¹qum
387 2137 498 2220 procul
522 2136 618 2203 dubio
644 2138 821 2221 corporales
846 2142 931 2216 sunt,
955 2141 1027 2202 ante
1061 2158 1186 2203 omnem
1221 2138 1304 2202 diem
1331 2137 1436 2202 factae
1455 2156 1480 2192 1⁵

284 2248 378 2310 sunt?
402 2264 459 2309 cur
480 2263 542 2308 non
566 2244 721 2327 scriptum
746 2247 810 2309 est:
835 2245 913 2308 dixit
935 2245 1029 2310 deus:
1044 2245 1100 2309 fiat
1117 2249 1210 2310 terra.
1231 2249 1262 2309 et
1281 2245 1365 2309 facta
1384 2249 1435 2308 est

281 2357 374 2428 terra,
389 2353 481 2416 item:
497 2351 574 2415 dixit
589 2352 681 2416 deus:
702 2351 758 2416 fiat
778 2371 870 2435 aqua.
895 2354 930 2416 et
945 2352 1030 2416 facta
1050 2357 1100 2417 est
1118 2371 1210 2435 aqua.
1234 2353 1288 2416 uel
1311 2355 1434 2415 utrum
1557 2390 1559 2471 p

282 2481 343 2545 que
371 2459 590 2533 communiter,
620 2459 648 2523 si
680 2479 743 2523 una
775 2460 866 2561 quasi
899 2461 971 2545 lege
1003 2461 1067 2526 loci
1097 2459 1198 2525 infimi
1217 2459 1433 2526 continentur.
1556 2503 1557 2582 p

282 2570 359 2635 dixit
382 2567 474 2631 deus:
500 2566 555 2630 fiat
577 2570 669 2631 terra.
695 2570 728 2631 et
751 2568 798 2632 sic
821 2568 1041 2635 estfactum?

328 2676 378 2739 14.
404 2673 468 2739 Cur
485 2693 546 2739 non
567 2674 688 2738 dictum
709 2677 768 2749 est,
788 2694 862 2738 cum
881 2676 941 2739 hoc
959 2676 1080 2740 factum
1100 2678 1195 2751 esset,
1218 2674 1321 2750 „uidit
1338 2672 1432 2764 deus,
1452 2688 1478 2725 2⁰

281 2780 355 2863 quia
378 2779 496 2845 bonum
522 2784 614 2845 est“?

325 2886 413 2951 Haec
446 2886 530 2950 enim
569 2888 779 2953 consideratio
814 2890 927 2964 suasit,
960 2890 1110 2972 quoniam
1142 2888 1346 2953 manifestum
1381 2898 1432 2955 est

282 3012 375 3057 omne
424 2992 579 3057 mutabile
623 3014 658 3058 ex
700 2995 807 3077 aliqua
856 2994 1050 3060 informitate
1096 2994 1226 3059 formari
1267 2993 1430 3074 simulque

278 3099 360 3163 illud
389 3102 422 3163 et
449 3099 606 3164 catholica
633 3100 710 3165 fides
739 3102 927 3183 praescribit
954 3104 987 3165 et
1014 3102 1191 3166 certissima
1222 3101 1301 3166 ratio
1335 3100 1430 3164 docet

279 3205 438 3270 nullarum
462 3208 644 3269 naturarum
668 3207 834 3271 materiam
864 3228 934 3273 esse
962 3210 1106 3291 potuisse
1134 3209 1196 3273 nisi
1221 3208 1258 3272 ab
1283 3207 1425 3272 omnium
1449 3222 1474 3259 ²⁵

281 3330 382 3375 rerum
408 3330 469 3376 non
495 3312 599 3377 solum
623 3313 841 3389 formatarum,
861 3315 918 3379 sed
942 3315 1038 3379 etiam
1061 3315 1277 3380 formabilium
1299 3315 1427 3378 inchoa-

279 3420 345 3482 tore
371 3416 429 3482 deo
449 3422 545 3499 atque
565 3422 714 3493 creatore,
735 3420 773 3483 de
794 3441 857 3503 qua
880 3421 977 3486 etiam
1001 3421 1078 3487 dicit
1102 3422 1131 3486 ei
1154 3420 1307 3505 quaedam
1328 3420 1426 3503 scrip-

1553 2849 1554 2910 l

1552 2951 1553 3018 l

367 3621 383 3673 2
403 3618 469 3675 Gen.
491 3622 514 3683 1,
535 3622 549 3674 1
605 3622 622 3674 6
641 3620 708 3679 Gen.
729 3624 752 3687 1,
771 3624 788 3676 2

315 3743 453 3797 lsicuts.
470 3745 486 3799 l.
502 3744 608 3799 m.10
677 3747 823 3816 primorum
843 3747 947 3802 dierum
960 3749 1075 3804 PRde
1127 3750 1280 3804 luisibilis
1294 3750 1425 3821 specieR

277 3832 397 3902 Baquas
414 3832 532 3888 Pacta
602 3834 737 3897 9factam
756 3836 786 3889 E
858 3838 889 3890 11
910 3837 983 3907 quod
1001 3854 1052 3893 om.
1072 3839 1138 3893 PR¹
1219 3841 1296 3909 aquis
1315 3846 1343 3907 (a
1361 3856 1383 3894 s.
1405 3840 1422 3895 1.

277 3938 311 3973 m.
334 3922 357 3989 1)
376 3922 403 3975 Ρ
474 3924 561 3993 possit
579 3922 659 3978 PRO
727 3926 758 3979 13
779 3926 939 3981 olitoribus
958 3928 986 3981 P
1065 3929 1167 3997 fetibus
1185 3929 1216 3983 E
1231 3929 1349 3983 fastibus
1367 3929 1424 3985 PR

279 4010 313 4063 14
331 4008 458 4064 decorata
476 4011 519 4082 (de
537 4028 559 4067 a.
579 4012 596 4068 1.
615 4030 649 4067 m.
670 4016 695 4075 1)
715 4014 746 4068 Ε
815 4018 872 4085 cur]
892 4032 952 4069 curn
970 4018 1001 4071 E
1074 4018 1126 4071 iste
1144 4017 1200 4073 Ro
1268 4019 1302 4072 19
1319 4019 1422 4072 factum

278 4100 319 4151 est
338 4098 376 4152 bd
438 4100 472 4154 20
492 4104 564 4155 esset
582 4102 730 4157 factumG
789 4105 939 4160 assumit.
959 4106 1092 4173 Quoniam
1112 4109 1213 4175 (sic)b
1275 4109 1311 4161 23
1330 4110 1372 4177 ex]
1394 4115 1421 4162 et

278 4202 308 4239 cx
334 4186 363 4240 P
487 4187 559 4258 aliqa
586 4189 626 4244 12¹
734 4194 769 4246 24
797 4193 957 4247 conscribsit
982 4194 1013 4248 E
1135 4198 1216 4266 ratic]
1245 4197 1365 4251 narratio
1392 4198 1421 4253 R

277 4274 312 4415 dg>
329 4274 507 4417 fzrpraturum
525 4296 578 4333 non
598 4280 684 4334 solum
703 4280 743 4334 E¹
814 4282 970 4337 inchoatore
989 4284 1028 4339 Β1
1078 4286 1112 4338 27
1132 4301 1185 4353 quo
1203 4285 1234 4339 E
1302 4285 1419 4356 quedam

278 4366 287 4429 (
326 4380 345 4417 a
386 4381 445 4419 .m.
465 4368 492 4434 2)
512 4367 540 4422 R
