3159 4950
243 487 308 548 350
594 485 619 538 S.
649 484 786 538 Aureli
814 485 1032 555 Augustini
1111 485 1114 490 ’

240 677 334 741 batur
352 697 370 741 a
388 677 512 754 notens,
532 680 569 741 ut
587 677 615 741 ei
635 677 713 742 deus
737 695 795 741 nec
818 695 864 749 ea,
889 695 969 760 quae
993 677 1033 741 ad
1054 678 1162 760 ipsum
1185 679 1386 762 pertinerent,

240 782 347 847 sutura
368 785 542 848 reuelaret?
567 783 720 866 numquid
739 784 795 848 ille
813 784 902 866 prius
921 785 1007 848 ultor
1024 802 1119 867 quam
1137 785 1200 849 iste
1218 789 1388 869 peccator?

241 891 347 957 absit.
363 895 465 972 neque
495 891 578 954 enim
607 891 685 956 deus
714 890 844 955 damnat
869 891 1065 956 innocentes.
1098 909 1137 955 an
1160 892 1241 956 forte
1265 911 1301 956 ex
1325 893 1386 958 alio

240 1016 355 1082 genere
377 998 560 1082 angelorum
583 997 655 1074 fuit,
680 997 795 1080 quibus
820 997 898 1062 deus
921 1016 982 1062 non
1008 997 1095 1062 dedit
1112 999 1166 1063 uel
1188 999 1227 1063 de
1252 999 1386 1082 seipsis

238 1104 478 1189 praescientiam
502 1104 702 1168 futurorum?
727 1105 781 1186 qui
800 1123 938 1188 quonam
955 1105 1049 1169 modo
1068 1105 1154 1170 beati
1171 1106 1298 1186 possint
1316 1125 1386 1170 esse
1418 1131 1432 1172 a

238 1231 300 1277 non
323 1211 428 1286 uideo,
452 1211 568 1294 quibus
591 1211 712 1276 ineerta
735 1215 785 1276 est
807 1211 879 1294 ipsa
902 1229 961 1275 sua
982 1211 1157 1276 beatitudo.
1182 1231 1256 1276 nam
1276 1215 1309 1276 et
1326 1213 1387 1278 boc

240 1317 368 1402 quidam
392 1321 560 1383 senserunt
586 1336 648 1382 non
672 1317 772 1382 luisse
798 1316 960 1382 diabolum
982 1318 1015 1382 in
1038 1318 1095 1381 illa
1122 1318 1254 1383 sublimi
1276 1324 1388 1382 natura

239 1427 434 1511 angelorum,
468 1444 547 1508 qnae
580 1425 825 1507 supercaelestis
858 1428 917 1502 est,
951 1425 1009 1489 sed
1038 1425 1071 1489 in
1104 1444 1225 1502 eorum,
1249 1426 1304 1508 qui
1331 1425 1386 1490 ali·

239 1535 355 1615 quanto
373 1531 504 1596 inferius
523 1533 554 1595 in
574 1531 693 1596 mundo
713 1530 789 1596 sacti
809 1535 886 1596 eunt
899 1533 1000 1613 etper
1013 1550 1073 1597 sua
1086 1531 1192 1596 officia
1212 1531 1385 1598 distributi.

238 1639 318 1704 tales
346 1638 429 1702 enim
461 1638 595 1703 sortasse
628 1641 739 1720 posset
767 1637 888 1718 aliquid
911 1637 1007 1702 etiam
1030 1637 1188 1702 inlicitum
1213 1637 1384 1703 delectare:
1406 1665 1432 1704 ro

239 1763 333 1826 quem
357 1749 461 1808 tamen
490 1743 734 1808 delectationem
760 1744 787 1807 si
810 1761 941 1826 peccare
968 1743 1099 1820 nollent,
1127 1743 1227 1808 libero
1256 1743 1385 1809 arbitrio

240 1851 433 1924 cohiberent,
472 1851 556 1914 sieut
591 1849 697 1926 bomo,
735 1851 871 1914 maxime
907 1850 961 1914 ille
1000 1850 1130 1931 primus,
1168 1851 1221 1934 qui
1263 1851 1386 1932 peccati

237 1976 371 2040 poenam
399 1957 538 2021 nondum
565 1957 702 2022 habebat
728 1956 761 2020 in
789 1955 952 2032 membris,
976 1956 1230 2039 quandoquidem
1258 1961 1291 2021 et
1316 1958 1387 2040 ipsa

239 2081 257 2127 a
279 2063 398 2128 sanctis
421 2062 500 2126 uiris
520 2061 577 2127 deo
598 2061 735 2126 subditis
754 2080 811 2143 per
829 2061 898 2126 eius
918 2061 1052 2146 gratim
1070 2060 1190 2145 pietate
1210 2067 1384 2146 superatur.

283 2169 335 2232 18.
359 2169 455 2232 Porro
479 2168 540 2231 istu
564 2167 708 2248 quaestio
733 2167 771 2232 de
790 2169 884 2234 beata
901 2169 979 2242 uita,
999 2174 1107 2234 utrum
1127 2189 1196 2234 earn
1216 2170 1384 2254 quisquam
1404 2195 1431 2235 re

236 2275 301 2340 iam
333 2273 447 2338 babere
481 2273 634 2338 dicendus
667 2273 719 2350 sit,
755 2273 847 2338 cuius
878 2274 1019 2340 incertus
1052 2277 1103 2340 est
1133 2279 1242 2340 utrum
1275 2295 1384 2342 seeum

236 2399 440 2466 permansura
468 2380 512 2444 sit
539 2399 576 2442 an
605 2379 633 2443 ei
662 2379 790 2444 miseria
813 2379 1001 2464 quandoque
1036 2382 1199 2461 succedat,
1223 2387 1331 2466 potest
1353 2387 1386 2448 et

237 2489 276 2554 de
297 2490 368 2571 ipso
391 2489 493 2573 primo
512 2488 640 2553 homine
660 2488 744 2554 oriri.
768 2508 842 2553 nam
861 2490 890 2554 si
908 2489 1007 2555 futuri
1026 2490 1077 2555 sui
1094 2492 1219 2573 peccati
1238 2492 1385 2557 conscius

238 2598 304 2661 erat
326 2596 516 2677 diuinaeque
540 2594 710 2671 uindictae,
729 2595 844 2661 beatus
864 2615 934 2661 esse
952 2596 1036 2661 unde
1053 2598 1201 2679 poterat?
1224 2617 1299 2682 ergo
1319 2602 1386 2663 erat

237 2702 268 2766 in
292 2701 436 2784 paradiso
460 2720 521 2765 non
544 2701 668 2767 beatus.
704 2701 760 2765 sed
785 2702 869 2766 enim
892 2721 952 2767 non
977 2706 1044 2767 erat
1066 2704 1165 2767 futuri
1188 2706 1311 2787 peccati
1335 2704 1385 2769 sui
1404 2734 1431 2773 eo

236 2808 409 2888 praescius.
434 2826 508 2891 ergo
531 2826 588 2889 per
609 2806 690 2871 banc
708 2808 917 2893 ignorantiam
936 2813 993 2873 aut
1015 2809 1157 2875 eiusdem
1180 2810 1386 2876 beatitudinis

238 2915 388 2993 incertus,
404 2916 437 2979 et
451 2912 608 2997 quomodo
625 2913 687 2977 iem
708 2932 781 2977 uere
801 2914 936 2979 beatus?
952 2918 1007 2980 aut
1022 2915 1104 2981 falsa
1122 2935 1177 3000 spe
1193 2921 1308 2997 certus,
1323 2936 1384 2983 non

240 3019 382 3095 scientia,
407 3022 440 3083 et
463 3018 620 3101 quomodo
644 3038 705 3084 non
730 3021 874 3088 stultus?

283 3126 345 3191 Sed
377 3128 482 3189 tamen
515 3126 653 3190 bominis
687 3126 790 3191 adbuc
823 3129 854 3191 in
888 3147 1017 3211 corpore
1048 3131 1178 3195 animali
1207 3130 1384 3199 const'tuti.

155 3256 157 3263 ¹
239 3233 290 3297 cui
318 3230 521 3297 oboedienter·
548 3232 671 3296 uiuenti
700 3233 839 3298 dandum
867 3234 971 3301 adbuc
994 3242 1081 3301 esset
1103 3239 1289 3321 angelorum
1313 3255 1385 3302 con·
1402 3265 1430 3307 se

240 3339 373 3404 sortium
397 3340 429 3403 et
452 3338 587 3403 mutatio
613 3340 751 3422 corporis
772 3360 808 3405 er
828 3340 956 3406 animali
979 3342 1011 3406 in
1036 3342 1189 3425 spiritale,
1213 3361 1384 3427 possumus

238 3445 423 3529 intellegere
446 3444 571 3508 beatam
595 3445 695 3509 uitam
720 3445 894 3511 secundum
918 3447 1073 3529 quendem
1097 3448 1239 3528 modum,
1259 3448 1385 3513 etiamsi

274 3662 461 3727 2reuelarent
478 3664 510 3718 E
596 3664 670 3733 priua
689 3663 779 3718 illeS
867 3665 940 3734 prior
957 3665 985 3719 R
1075 3622 1135 3735 ligo
1163 3677 1243 3725 icorr.
1261 3683 1296 3719 m.
1318 3665 1387 3734 ltS

238 3752 385 3821 5possent
403 3750 441 3807 Sb
510 3752 604 3822 lilla]
625 3753 685 3822 ipsa
702 3752 742 3807 E¹
811 3753 1005 3820 8angelorum
1024 3753 1172 3808 storumS
1242 3770 1383 3824 supercae-

238 3838 316 3895 lestis
334 3839 374 3894 Ει
464 3840 616 3911 aliquanto]
637 3842 709 3909 aliqb
730 3841 745 3895 b
821 3842 854 3897 10
872 3846 966 3912 posset
983 3841 1016 3897 8¹
1091 3845 1121 3898 11
1142 3843 1295 3897 noluissent
1311 3843 1383 3899 Pau

241 3956 273 4009 12
293 3956 395 4026 primns
415 3958 451 4021 (m
470 3973 491 4010 e.
512 3958 529 4011 l.
549 3973 583 4011 m.
603 3961 627 4023 1)
647 3956 675 4011 P
770 3960 805 4011 14
828 3924 944 4027 gratiam
970 3962 1049 4022 (corr.
1067 3976 1102 4013 m.
1123 3960 1149 4023 1)
1168 3958 1191 4013 S
1212 3960 1328 4029 gratim
1347 3961 1383 4029 (m

241 4061 263 4099 e.
283 4044 313 4112 l.)
331 4045 361 4098 E
430 4046 837 4114 pietatemlms.l.m.1)S
892 4049 923 4100 15
944 4064 1005 4116 cap.
1024 4046 1131 4101 XVIE
1184 4048 1217 4101 lo
1236 4047 1383 4102 oniincer·

239 4137 297 4187 tum
317 4132 354 4187 bd
437 4150 528 4187 secum
547 4134 642 4189 οπως
731 4136 763 4189 17
782 4136 891 4189 miseria
909 4135 1004 4190 onaS
1091 4136 1219 4191 succedat
1235 4134 1386 4190 miseriaS

240 4222 274 4277 18
298 4222 419 4276 conscius
446 4226 477 4288 (a.
503 4222 520 4276 l.
544 4240 578 4278 m.
603 4224 618 4275 ’Ζ
643 4224 671 4277 al
694 4225 823 4296 prescius)
842 4225 873 4278 Ε
887 4225 1025 4294 praescius
1042 4224 1159 4280 Prista
1246 4226 1282 4279 20
1300 4225 1383 4295 enirn]

240 4310 365 4365 antemb
437 4308 522 4363 futuri
541 4310 628 4365 emb
691 4312 727 4365 25
747 4314 913 4367 consorcium
931 4312 960 4368 R
1022 4314 1056 4367 27
1075 4313 1183 4368 beatem
1202 4328 1254 4368 om.
1274 4313 1290 4367 b
1309 4320 1335 4367 et
1351 4314 1382 4367 in

240 4416 292 4469 mo.
312 4398 378 4452 add.
398 4398 428 4451 al
445 4398 591 4452 hereticam
665 4400 745 4454 modo
764 4400 804 4456 11¹
