3159 4950
239 463 302 525 146
590 459 617 512 S.
642 457 779 512 Aureli
808 458 1027 526 Augustini

232 654 364 718 modum
388 657 535 736 operatus
559 658 619 732 est,
644 654 726 718 unde
749 654 927 735 inciperent
943 655 1097 734 tempora,
1117 652 1384 734 quemadmodum

236 765 383 844 operatus
412 764 463 826 est
490 762 596 826 omnia
623 763 730 838 simul,
759 763 924 844 praestans
953 760 998 824 eis
1028 761 1124 825 etiam
1153 759 1295 826 ordinem
1322 779 1383 825 non

235 868 424 932 interuallia
446 871 637 950 temporum,
670 867 727 932 sed
759 867 929 932 conexione
964 885 1140 942 causarum,
1169 868 1206 930 ut
1233 885 1279 944 ee,
1304 885 1385 949 quae

237 974 333 1037 simul
356 975 440 1038 factu
463 977 548 1050 sunt,
574 974 696 1039 senario
720 993 846 1057 quoque
875 974 963 1038 illius
992 973 1054 1037 diei
1081 991 1212 1038 numero
1240 991 1385 1056 praesen-

237 1083 304 1146 tato
328 1081 563 1163 perficerentur.
1417 1100 1430 1138 e

279 1188 350 1252 Non
378 1188 486 1269 itaque
513 1187 690 1270 temporali,
720 1187 776 1251 sed
804 1187 926 1251 causali
960 1187 1067 1252 ordine
1100 1187 1188 1271 prius
1220 1187 1304 1252 iacta
1337 1189 1386 1251 est

235 1294 379 1358 informis
403 1293 642 1375 formabilisque
669 1292 829 1370 materiem
854 1297 887 1358 et
910 1293 1061 1375 spiritalis
1086 1294 1322 1376 etcorporum,
1347 1293 1385 1356 de

236 1421 298 1483 qua
330 1401 428 1474 tieret,
462 1400 547 1481 quod
578 1399 759 1464 faciendum
792 1402 888 1476 esset,
923 1419 995 1464 cum
1029 1403 1061 1464 et
1091 1400 1172 1482 ipsa,
1200 1400 1386 1482 priusquam

236 1507 385 1570 instituta
409 1508 468 1583 est,
492 1524 553 1569 non
577 1506 707 1578 fuissem
732 1525 789 1570 nec
812 1507 963 1571 instituta
986 1509 1036 1570 est
1058 1507 1119 1571 nisi
1143 1508 1181 1572 ab
1200 1508 1257 1572 illo
1276 1507 1386 1588 utique

236 1631 362 1677 summo
387 1612 445 1676 deo
471 1616 503 1675 et
524 1630 611 1687 uero,
637 1631 672 1675 ex
696 1632 757 1694 quo
782 1617 858 1677 sunt
882 1613 997 1677 omnia.
1027 1631 1107 1694 quae
1141 1614 1209 1678 siue
1243 1612 1322 1678 caeli
1354 1615 1388 1676 et
1409 1633 1433 1670 ιο

237 1723 339 1783 terrae
370 1717 497 1782 nomine
531 1717 711 1801 significata
743 1719 800 1795 sit,
834 1738 914 1802 quoe
947 1720 978 1782 in
1011 1720 1164 1802 principio
1198 1720 1275 1784 iecit
1306 1719 1386 1784 deus

237 1830 310 1888 ante
344 1843 440 1888 unrrm
475 1824 567 1887 illum
600 1823 694 1898 diem,
728 1845 823 1908 quem
857 1824 1009 1902 condidit,
1042 1830 1209 1909 propterea
1239 1827 1303 1890 iam
1341 1827 1386 1890 sic

237 1931 405 2014 appellata,
431 1930 505 2013 quia
531 1929 604 1994 inde
631 1931 717 1994 facta
744 1935 820 1995 sunt
847 1933 972 1996 caelum
996 1935 1028 1996 et
1050 1935 1142 2010 tona,
1168 1933 1237 1996 siue
1260 1931 1386 1997 nomine

238 2041 337 2100 terrae
360 2035 533 2100 inuisibilis
558 2039 591 2100 et
612 2037 830 2120 inconpositec
856 2042 950 2119 atque
975 2039 1082 2122 abyssi
1105 2041 1299 2116 tenebrosae,
1324 2039 1387 2102 iam

237 2143 269 2207 in
292 2144 394 2227 primo
418 2144 498 2208 libro
523 2146 692 2208 tractatum
716 2148 775 2212 est.
1407 2168 1432 2207 ιε»

282 2251 317 2314 In
342 2251 393 2314 his
417 2269 504 2327 uero,
528 2270 609 2333 quae
632 2251 696 2314 iam
721 2272 757 2316 er
779 2253 975 2319 informitate
1003 2255 1138 2320 formata
1161 2256 1237 2318 sunt
1260 2252 1386 2317 euiden-

237 2357 366 2439 tinsque
402 2358 604 2440 appellantur
640 2361 745 2422 creata
780 2360 835 2424 uel
871 2360 955 2424 iacta
994 2360 1047 2424 uel
1084 2359 1220 2436 condita,
1249 2360 1386 2443 primum

237 2464 341 2529 iactus
381 2468 431 2528 est
465 2464 547 2539 diem
586 2465 754 2548 oportebat
795 2467 893 2546 enim,
936 2469 974 2531 ut
1013 2467 1184 2549 primatum
1226 2471 1387 2533 creaturae

238 2571 396 2635 obtineret
430 2572 487 2633 illa
525 2576 647 2650 natura,
685 2592 766 2656 quae
805 2580 980 2639 creaturam
1017 2594 1073 2657 per
1108 2578 1291 2653 creatorem,
1325 2594 1387 2640 non

238 2680 410 2741 creatorem
443 2697 499 2759 per
531 2683 707 2743 creaturam
738 2684 851 2761 posset
888 2700 1069 2765 agnoscere.
1108 2682 1246 2747 secundo
1285 2682 1387 2747 firma·
1406 2706 1433 2743 no

238 2788 392 2861 mentum,
417 2784 501 2847 unde
525 2804 694 2866 corporeus
718 2787 831 2870 incipit
853 2788 1002 2853 mundus.
1026 2788 1120 2853 tertio
1145 2790 1268 2869 species
1291 2790 1387 2854 maria

240 2893 272 2952 et
300 2893 410 2966 terrae,
441 2894 536 2973 atque
564 2892 595 2954 in
624 2895 708 2957 terra
735 2894 960 2975 potentialiter,
989 2900 1026 2959 ut
1053 2896 1098 2959 ita
1130 2896 1243 2973 dicam,
1261 2899 1389 2961 ¹natura

239 2996 407 3060 herbarum
436 3000 531 3078 atque
559 2999 728 3081 lignorum.
758 3002 805 3065 sic
835 3002 917 3065 enim
946 3006 1028 3067 terra
1056 3002 1096 3067 ad
1120 3003 1170 3067 dei
1193 3003 1328 3067 uerbum
1352 3023 1389 3067 ea

239 3102 395 3184 produxit,
424 3106 593 3185 antequam
622 3110 728 3169 exorta
756 3112 873 3186 essent,
904 3109 1062 3192 accipiens
1096 3128 1204 3174 omnes
1238 3130 1387 3177 numeros

239 3226 358 3285 eorum,
383 3228 462 3290 quos
486 3231 542 3293 per
575 3214 718 3293 tempora
754 3218 893 3279 exereret
930 3216 1105 3279 secundum
1144 3236 1237 3281 suum
1276 3236 1386 3301 genus.
1408 3240 1435 3277 as

240 3312 363 3390 deinde,
386 3319 594 3399 posteaquam
629 3319 706 3382 baec
738 3322 831 3384 uelut
862 3321 1015 3389 habitatio
1044 3342 1148 3387 rerum
1179 3321 1305 3387 condita
1328 3328 1387 3399 est,

240 3424 350 3502 quarto
384 3421 435 3486 die
467 3423 637 3487 luminaria
669 3429 702 3489 et
734 3428 838 3491 sidera
871 3434 976 3493 creata
1008 3432 1093 3505 crint,
1128 3434 1163 3493 ut
1195 3430 1283 3512 prius
1314 3448 1387 3511 pars

239 3527 350 3590 mundi
373 3530 516 3609 superior
538 3532 644 3607 rebus,
669 3552 749 3615 quae
777 3535 860 3597 intra
887 3536 1039 3599 mundum
1069 3540 1248 3615 mouentur,
1278 3535 1387 3599 nisibi·

239 3633 324 3697 libus
350 3634 554 3701 ordinaretur.
581 3639 690 3720 quinto
715 3660 867 3723 aquarum
892 3646 1012 3716 natura
1044 3644 1117 3724 quia
1146 3644 1231 3707 caelo
1261 3643 1388 3723 aerique

239 3740 452 3825 coniungitur,
481 3744 629 3825 produxit
654 3745 693 3809 ad
722 3747 772 3811 dei
800 3748 933 3812 uerbum
962 3749 1127 3832 indigenas
1161 3768 1248 3827 succ,
1284 3748 1388 3813 omnia
1407 3770 1435 3809 ao

281 3912 539 3983 linquiperentE¹
612 3920 846 3987 quemammodum
860 3922 915 3975 ΕΡ
968 3923 1218 3977 3conne1ionebd
1274 3923 1388 3991 idquae

240 4002 331 4055 omo
374 4004 403 4055 ll
426 4004 472 4073 sit]
492 4006 564 4066 esth
607 4008 640 4061 13
660 4011 802 4071 terramE
838 4013 870 4064 14
889 4013 954 4081 ianr]
970 4014 1066 4066 utiam
1081 4014 1146 4069 Rbd
1179 4014 1216 4067 Ι16
1235 4012 1388 4067 euidentius

241 4106 309 4156 quie
328 4091 354 4159 (a
373 4096 420 4157 er.)
439 4092 467 4147 R
559 4097 591 4150 18
611 4097 693 4166 enim]
713 4100 738 4153 ei
757 4100 772 4153 b
866 4102 898 4153 19
918 4103 1054 4170 optineret
1071 4102 1122 4157 ΕΒ
1209 4103 1245 4159 20
1262 4102 1350 4171 possit
1369 4101 1391 4155 S

241 4178 273 4231 21
295 4180 414 4249 inquipit
431 4181 473 4235 15¹
544 4186 629 4238 tercio
648 4186 676 4240 R
731 4187 924 4243 renaturus
976 4192 1009 4243 23
1029 4191 1194 4247 orbarumS
1245 4192 1280 4246 25
1299 4208 1387 4245 exere·

241 4267 294 4335 ret}
314 4274 478 4329 exserereret
496 4272 535 4341 (re
555 4289 613 4341 exp.
633 4290 667 4327 or.
689 4276 714 4342 l)
726 4276 754 4329 P
772 4282 907 4331 exsereret
919 4278 968 4333 Rd
987 4281 1151 4333 exerceretb
1206 4282 1240 4334 26
1258 4279 1342 4335 uelud
1357 4280 1389 4335 8¹

241 4353 276 4405 29
296 4354 475 4427 ordinaretur]
495 4365 636 4415 ornaretur
653 4363 724 4432 Etr,
744 4366 788 4431 (in
807 4369 870 4435 my.)
892 4368 907 4420 b
981 4369 1035 4437 qui,
1058 4370 1164 4422 acacio
1184 4370 1211 4425 R
1234 4408 1237 4417 ·
