3159 4950
443 500 485 554 de
514 499 656 554 Genesi
685 499 728 552 ad
755 498 937 553 litteram
964 497 1028 550 lib.
1059 496 1147 551 VIIII.
1303 499 1368 563 293

269 698 440 780 Propterea
462 695 651 780 mysterium
684 695 805 779 gratiae
832 693 927 757 huius
956 695 1122 776 apostolus
1151 693 1372 758 absconditum

227 804 305 868 dixit
326 821 387 868 non
410 803 442 867 in
461 803 590 876 mundo,
614 803 646 865 in
666 820 727 884 quo
747 804 823 866 sunt
840 801 1043 865 absconditae
1067 801 1210 864 causales
1234 801 1373 866 rationes

227 910 368 976 omniurn
394 929 499 975 rerum
526 908 712 974 naturaliter
740 908 939 985 oriturarum,
964 908 1049 972 sicut
1075 907 1282 971 absconditus
1306 909 1374 972 erat

227 1017 305 1081 Laui
332 1016 363 1079 in
392 1016 511 1081 lumbis
534 1015 688 1091 Abrabae,
717 1014 843 1097 quando
872 1017 905 1078 et
931 1014 999 1096 ipse
1028 1013 1204 1078 decimatus
1229 1016 1288 1087 est,
1313 1012 1370 1078 sed

197 1122 259 1186 sin
288 1123 356 1200 deo,
386 1122 441 1205 qui
467 1122 617 1186 uniuersa
645 1123 774 1186 creauit.
803 1121 1008 1204 quamobrem
1033 1120 1148 1196 omnia,
1173 1121 1269 1184 etiarn
1293 1138 1372 1202 quaa

228 1229 267 1293 ad
289 1229 371 1294 hanc
394 1230 529 1312 gratiam
552 1229 791 1313 significandam
815 1247 878 1293 non
901 1228 1038 1291 naturali
1060 1229 1150 1292 motu
1173 1245 1289 1304 rerum,
1314 1226 1371 1291 sed

228 1336 414 1402 mirabiliter
437 1337 628 1414 factasunt,
653 1355 761 1401 eorum
787 1336 883 1400 etiam
907 1353 1021 1399 causae
1037 1335 1071 1398 in
1091 1333 1149 1398 deo
1169 1332 1372 1398 absconditae

228 1442 370 1506 fuerunt:
404 1462 537 1526 quorum
571 1443 598 1508 si
630 1461 730 1507 unum
763 1446 839 1515 erat,
878 1442 963 1525 quod
997 1443 1044 1506 ita
1070 1441 1186 1505 mulier
1216 1440 1302 1505 facta
1324 1442 1375 1504 est

230 1550 267 1614 de
290 1550 388 1614 latere
412 1540 482 1626 uiri,
512 1552 545 1614 et
566 1550 627 1615 hoc
651 1549 846 1627 dormientis,
871 1569 950 1632 quae
973 1567 1029 1631 per
1051 1548 1158 1630 ipsum
1180 1547 1270 1611 firma
1291 1545 1377 1611 facta

186 1677 211 1715 ro
230 1660 289 1733 est,
321 1660 483 1739 tamquam
517 1657 586 1721 eius
619 1675 690 1722 osse
723 1657 856 1734 firmata,
889 1656 944 1720 ille
977 1658 1082 1721 autern
1115 1657 1243 1738 propter
1273 1653 1376 1736 ipsam

230 1763 383 1840 infirmus,
412 1763 487 1846 quia
513 1764 545 1827 in
573 1766 680 1828 locum
709 1767 816 1828 costae
843 1783 905 1828 non
934 1765 1024 1827 costa
1051 1762 1109 1827 sed
1132 1780 1203 1826 caro
1227 1759 1376 1842 subpleta

231 1873 290 1946 est,
318 1889 380 1934 non
408 1871 520 1935 babuit
546 1872 607 1936 hoc
634 1872 735 1954 prima
761 1890 867 1936 rerum
891 1870 1040 1948 conditio,
1066 1871 1189 1952 quando
1214 1870 1301 1932 sexto
1326 1867 1376 1930 die

232 1975 353 2041 dictum
382 1980 444 2040 est:
474 1977 683 2042 masculum
712 1979 748 2042 et
775 1976 953 2041 feminam
980 1975 1076 2040 fecit
1103 1993 1177 2050 eos,
1200 1977 1238 2037 ut
1259 1973 1377 2036 femina

232 2085 358 2147 omnino
388 2083 434 2148 sic
461 2083 560 2160 fieret,
589 2084 646 2148 sed
673 2087 799 2148 tantum
825 2083 887 2147 hoc
914 2082 1036 2158 habuit,
1065 2082 1140 2162 quia
1171 2085 1205 2145 et
1236 2080 1283 2144 sic
1311 2078 1378 2143 fieri

188 2211 212 2249 rr
232 2193 350 2272 posset,
383 2209 421 2254 ne
454 2188 563 2255 contra
596 2209 718 2269 causas,
748 2210 827 2273 quas
855 2192 1023 2255 uoluntate
1050 2188 1202 2266 instituit,
1230 2186 1378 2251 mutabili

233 2296 399 2361 uoluntate
422 2297 543 2378 aliquid
566 2299 693 2362 faceret.
727 2297 803 2380 quid
827 2299 934 2361 autem
957 2296 1056 2363 fieret.
1080 2298 1118 2359 ut
1141 2294 1267 2359 omnino
1292 2291 1379 2356 aliud

232 2401 376 2467 futurum
392 2423 453 2469 non
469 2408 564 2482 esset,
580 2405 802 2471 absconditum
812 2407 880 2469 erat
892 2405 925 2467 in
936 2404 1005 2480 deo,
1017 2402 1070 2486 qui
1085 2402 1234 2466 uniuersa
1248 2398 1378 2465 creauit.

280 2509 342 2575 Sed
371 2512 519 2594 quoniam
548 2513 594 2576 sic
623 2512 701 2576 dixit
728 2512 961 2588 absconditum,
990 2514 1028 2575 ut
1052 2510 1266 2575 innotesceret
1297 2506 1379 2590 prin-

235 2616 358 2699 cipibus
391 2620 424 2683 et
454 2620 668 2702 potestatibus
702 2620 732 2682 in
766 2619 960 2683 caelestibus
988 2636 1044 2701 per
1070 2615 1239 2682 ecclesiam
1272 2612 1379 2677 multi·

192 2722 344 2788 euformis
372 2725 528 2807 sapientia
554 2725 614 2803 dei,
642 2725 849 2809 probabiliter
876 2724 1023 2801 creditur,
1049 2724 1134 2788 siout
1154 2722 1237 2787 illud
1260 2738 1379 2796 semen,

236 2831 288 2894 oui
324 2833 517 2914 promissum
555 2836 614 2911 est,
652 2833 845 2915 dispositum
882 2835 931 2897 est
966 2850 1022 2914 per
1058 2830 1188 2914 angelos
1219 2829 1251 2892 in
1283 2845 1380 2891 manu

235 2937 428 3015 mediatoris,
457 2940 504 3005 sic
533 2940 647 3017 omnia,
678 2958 756 3021 quae
785 2940 825 3002 ad
851 2937 953 3021 ipsius
978 2935 1108 3002 seminis
1132 2936 1305 3000 aduentum
1328 2935 1382 2998 uel

235 3044 520 3127 praenuntiandum
547 3046 601 3109 uel
629 3044 879 3109 adnuntiandum
911 3044 944 3107 in
976 3062 1081 3108 rerum
1113 3045 1227 3106 natura
1256 3044 1381 3123 praeter

237 3151 391 3215 usitatum
414 3155 543 3216 naturae
568 3172 696 3217 cursum
714 3152 902 3217 mirabiliter
919 3140 1004 3216 facta
1022 3154 1107 3229 sunt,
1126 3148 1381 3215 ministrantibus

193 3260 218 3318 rs
236 3258 357 3341 angelis
391 3278 459 3323 esse
492 3258 586 3337 facta,
611 3261 648 3322 ut
679 3261 785 3323 tamen
822 3260 941 3341 ubique
980 3260 1102 3322 creator
1136 3257 1190 3321 uel
1221 3256 1381 3339 reparator

237 3368 447 3429 creaturarum
472 3383 533 3429 non
558 3364 609 3443 sit,
640 3365 702 3429 nisi
725 3364 779 3447 qui
802 3365 981 3449 plantatore
1011 3366 1045 3427 et
1070 3362 1209 3447 rigatore
1237 3360 1381 3443 quolibet

237 3471 324 3536 solus
347 3471 577 3536 incrementum
602 3471 656 3535 dat
680 3471 769 3536 deus.

325 3666 342 3717 4
361 3662 394 3718 ol.
413 3662 496 3718 Hebr.
517 3665 542 3728 7,
563 3662 603 3717 10.
623 3662 640 3715 9
696 3662 730 3717 18
749 3660 783 3718 cl.
802 3661 901 3732 Ephes.
922 3660 947 3724 3,
967 3662 992 3716 9.
1014 3660 1048 3713 10
1102 3659 1137 3713 26
1156 3657 1189 3712 of.
1208 3658 1223 3711 1
1241 3656 1301 3712 Cor.
1321 3656 1347 3724 3,
1366 3658 1381 3709 7

274 3788 529 3842 lministeriumb
600 3786 813 3856 30riturarum]
836 3784 1055 3840 creaturarumb
1110 3782 1224 3847 dleuui
1242 3780 1273 3835 E
1288 3778 1387 3850 leuiS

237 3878 252 3930 7
272 3876 447 3931 absconditae
467 3892 563 3931 causae
582 3876 610 3929 in
630 3875 679 3929 deo
698 3874 791 3930 PRbd
845 3873 988 3929 dindrant
1005 3871 1099 3927 PRbd
1172 3868 1297 3941 quorum]
1316 3885 1383 3938 quo·

236 3982 294 4019 rum
313 3966 396 4020 etiam
414 3964 480 4021 Rosa
564 3964 587 4019 si
606 3965 700 4033 unum]
720 3962 890 4017 summurub
963 3962 1079 4015 blateri
1096 3959 1136 4015 12¹
1210 3956 1387 4020 messaara

237 4052 338 4127 osseS
407 4054 472 4118 illae
492 4056 519 4123 (a
537 4068 596 4122 cap.
614 4069 650 4108 m.
670 4050 739 4119 trs
791 4052 822 4105 11
844 4051 952 4121 supleta
969 4050 1000 4103 Ε
1017 4046 1193 4119 completaS
1247 4046 1280 4101 12
1300 4044 1383 4113 cottii-

237 4146 275 4198 tio
294 4143 323 4197 P
379 4143 412 4197 16
431 4142 543 4211 faceret]
561 4145 640 4195 fieret
657 4140 751 4196 PRbd
822 4143 853 4194 ut
870 4138 966 4194 obad
1023 4140 1055 4192 17
1074 4136 1113 4208 in]
1133 4154 1148 4191 a
1166 4136 1206 4191 R¹
1266 4134 1300 4189 18
1318 4134 1384 4188 dici·
1449 4162 1455 4181 .

237 4232 318 4288 turS
378 4230 516 4301 princibus
531 4232 596 4297 (ric)
611 4230 639 4284 P
681 4230 716 4283 20
735 4228 887 4299 sapientiae
900 4226 1022 4282 EPRSb
1080 4224 1199 4279 illumP
1241 4223 1274 4278 21
1294 4240 1385 4293 repro-

237 4320 395 4377 missumS
501 4323 542 4374 est
564 4325 630 4388 poet
652 4318 815 4389 dispositum
843 4316 942 4372 oms
1012 4316 1046 4370 25
1074 4314 1175 4376 iactam
1192 4312 1224 4367 E
1292 4312 1385 4382 ibique

240 4410 340 4479 (irriti
363 4426 395 4464 ec
414 4412 441 4475 u)
462 4409 490 4464 R
