3159 4950
221 457 285 519 124
575 451 601 506 S.
631 449 768 504 Aureli
796 447 1016 519 Augustini

216 667 297 732 quae
325 647 543 729 temporaliter
571 647 655 711 sacta
683 649 768 722 sunt,
799 651 942 710 aeternae
971 643 1120 722 rationes,
1149 647 1314 726 tamquam
1336 643 1368 707 in

217 775 266 835 eo,
293 774 351 838 per
378 754 462 837 quod
489 753 575 818 iacta
602 755 678 817 sunt
707 751 822 830 omnia,
853 771 888 816 ac
918 750 1030 814 deinde
1058 751 1091 814 in
1119 751 1190 834 ipsa
1213 751 1368 826 creatura,

216 874 311 944 quam
335 861 383 926 sic
405 861 573 935 nonerunt,
597 862 761 941 tamquam
790 857 872 922 inira
895 856 1108 940 despicientes
1133 876 1266 939 eamque
1290 857 1369 920 refe-

215 972 321 1033 rentes
358 967 397 1031 ad
433 966 522 1031 illius
558 963 700 1042 laudem,
737 965 768 1028 in
808 963 899 1028 ouius
937 963 1190 1028 incommutabili
1232 963 1368 1028 ueritate

215 1075 366 1150 rationes,
399 1072 574 1138 secundnm
607 1089 685 1153 quas
717 1071 805 1135 faeta
836 1073 896 1148 est,
926 1070 1142 1153 principaliter
1169 1069 1289 1134 uident.
1323 1069 1368 1132 ibi
1401 1091 1416 1130 s

217 1200 292 1265 ergo
315 1183 480 1263 tamquam
503 1199 559 1262 per
581 1179 676 1254 diem,
700 1178 784 1242 unde
805 1182 837 1243 et
857 1178 1105 1243 concordissime
1128 1177 1234 1242 unitas
1259 1194 1368 1241 corum

217 1287 360 1352 eiusdem
383 1287 529 1351 ueritatis
552 1285 795 1369 participatione
819 1285 887 1350 dies
912 1287 962 1349 est
984 1284 1131 1366 primitus
1156 1285 1292 1361 creatus,
1317 1281 1369 1346 hic

217 1397 324 1458 autem
357 1397 520 1475 tamquam
552 1411 608 1474 per
639 1410 820 1474 uesperam3
858 1390 914 1455 sed
950 1391 1100 1455 continuo
1133 1390 1170 1455 iit
1201 1407 1293 1454 mane
1326 1425 1368 1434 -

216 1500 302 1583 quod
324 1500 357 1563 in
382 1500 529 1565 omnibus
552 1518 606 1563 sex
631 1497 744 1562 diebus
772 1497 981 1561 animaduerti
1011 1499 1119 1578 potest
1143 1533 1185 1544 -
1209 1495 1368 1578 quianon

215 1610 358 1672 remanet
385 1606 530 1690 angelica
557 1604 692 1669 seientia
717 1605 751 1668 in
774 1623 824 1673 eo,
849 1603 934 1686 quod
958 1605 1099 1668 creatum
1125 1607 1184 1676 est,
1209 1603 1285 1685 quin
1309 1602 1369 1666 hoc
1389 1623 1417 1663 ro

216 1713 367 1778 continuo
395 1711 511 1775 referat
538 1710 579 1774 ad
607 1710 677 1774 eius
704 1709 834 1774 laudem
863 1713 956 1791 atque
985 1709 1160 1788 ceritatem,
1189 1709 1221 1773 in
1251 1728 1311 1791 quo
1335 1707 1369 1772 id

216 1837 279 1883 non
306 1818 428 1882 iactum
457 1835 539 1894 esse,
567 1816 625 1880 sed
652 1814 833 1880 faciendum
862 1814 962 1880 luisse
991 1815 1212 1899 cognoscitur:
1246 1813 1278 1878 in
1308 1833 1369 1896 qua

216 1923 352 1989 ueritate
376 1922 488 1988 stando
512 1922 581 1987 dies
605 1927 663 1988 est.
688 1941 761 1986 nam
785 1923 814 1986 si
837 1923 890 1986 uel
910 1921 949 1986 ad
969 1940 1003 1986 se
1021 1922 1124 2003 ipsam
1144 1923 1257 1985 natura
1276 1939 1368 2005 ange-

214 2029 279 2117 lica
301 2031 540 2093 conuerteretur
562 2045 660 2111 seque
684 2028 822 2111 amplius
843 2027 1055 2093 delectaretur
1074 2045 1169 2108 quarn
1188 2026 1255 2102 illo,
1276 2027 1368 2092 cuius

215 2135 456 2220 participatione
483 2135 578 2200 beata
604 2137 665 2213 est,
694 2134 911 2200 intumescens
940 2134 1089 2216 superbia
1117 2133 1254 2210 caderet,
1285 2133 1369 2198 sicut
1389 2157 1415 2196 re

217 2242 366 2308 diabolus
382 2265 390 2306 :
405 2241 445 2307 de
472 2261 534 2324 quo
563 2259 622 2306 suo
649 2242 720 2306 loco
749 2241 945 2324 loquendum
974 2246 1031 2314 est,
1063 2259 1135 2304 oum
1160 2239 1198 2305 de
1223 2243 1368 2323 serpente

216 2349 354 2415 hominis
378 2349 545 2414 seductore
569 2367 673 2412 sermo
697 2347 825 2412 debitus
849 2347 1054 2431 flagitabitur.

263 2457 315 2522 25.
342 2453 424 2535 Quia
456 2474 531 2538 ergo
564 2453 669 2539 angeli
702 2457 877 2519 ereaturam
912 2454 943 2519 in
976 2474 1013 2521 ea
1043 2454 1113 2538 ipsa
1146 2455 1290 2519 creatura
1323 2451 1369 2517 sie

217 2564 333 2637 sciunt,
353 2567 390 2627 nt
408 2562 436 2626 ei
456 2562 609 2625 scientiae
633 2561 789 2625 electione
809 2580 845 2625 ac
863 2561 1034 2627 dilectione
1053 2563 1259 2645 praeponant,
1284 2559 1369 2643 quod

215 2687 285 2733 eam
309 2669 416 2733 sciunt
438 2668 470 2731 in
489 2668 634 2745 ueritate,
654 2684 710 2749 per
732 2685 828 2748 quam
850 2666 935 2731 facta
958 2670 1034 2732 sunt
1057 2668 1171 2745 omnia,
1196 2667 1417 2751 participasse

215 2774 285 2838 eins
309 2773 423 2846 effecti,
446 2773 519 2838 ideo
542 2792 599 2857 per
622 2792 730 2839 omnes
755 2788 811 2837 ser
835 2774 902 2839 dies
926 2794 987 2840 non
1012 2776 1287 2851 nominatarum,
1312 2774 1369 2839 sed

215 2883 290 2963 post
316 2899 482 2963 uesperam
511 2885 544 2943 et
570 2898 664 2944 mane
694 2878 760 2943 dies
788 2900 883 2959 nnus,
917 2880 995 2945 item
1027 2884 1102 2965 post
1135 2899 1304 2963 uesperam
1337 2881 1370 2943 et

215 3006 307 3051 mane
339 2985 408 3051 dies
441 2986 611 3062 secundus,
645 2985 758 3051 deinde
790 2990 867 3069 post
897 3006 1063 3071 uesperam
1103 2990 1135 3051 et
1171 3004 1263 3051 mane
1301 2985 1368 3050 dies

212 3093 328 3157 tertius
357 3111 394 3157 ae
425 3092 472 3157 sic
495 3110 598 3175 usque
621 3091 652 3156 in
672 3112 764 3157 mane
783 3093 864 3158 serti
884 3092 956 3171 diei,
976 3092 1062 3157 unde
1080 3093 1194 3176 incipit
1212 3092 1368 3177 septimus

216 3199 334 3281 quietis
371 3199 437 3275 dei,
472 3198 618 3281 quamuis
656 3216 731 3263 cum
767 3199 836 3263 suis
874 3197 1022 3264 noctibus
1056 3199 1124 3265 dies
1161 3202 1267 3263 tamen
1306 3216 1367 3262 non
1387 3224 1415 3263 es

216 3308 326 3371 noctes
355 3308 528 3370 narrantur.
558 3308 635 3370 tuno
662 3307 746 3371 enim
774 3326 835 3371 nox
864 3306 903 3371 ad
933 3305 1017 3371 diem
1041 3306 1189 3391 pertinet,
1213 3325 1275 3370 non
1300 3306 1368 3370 dies

215 3412 256 3476 ad
278 3416 414 3489 noctem,
435 3432 508 3477 cum
532 3412 687 3477 sublimes
711 3416 744 3479 et
766 3415 869 3479 sancti
893 3414 998 3500 angeli
1021 3413 1064 3489 id,
1085 3412 1170 3497 quod
1193 3417 1367 3478 creaturam

215 3520 248 3583 in
281 3519 352 3603 ipsa
384 3521 527 3584 creatura
560 3522 727 3596 nouemnt,
764 3521 907 3586 referunt
945 3520 984 3585 ad
1020 3521 1109 3585 illius
1148 3520 1299 3585 honorem
1337 3522 1370 3583 et

217 3643 367 3701 amorem,
392 3624 423 3690 in
448 3644 510 3707 quo
534 3628 678 3691 aeternas
701 3625 851 3704 rationes,
876 3626 992 3709 quibus
1017 3630 1123 3691 creata
1146 3629 1205 3703 est,
1231 3628 1369 3690 contem·

214 3732 344 3815 plentur
376 3750 475 3814 eaque
509 3731 759 3797 concordissima
786 3733 1056 3817 contemplatione
1080 3735 1156 3797 sunt
1178 3751 1262 3795 unus
1286 3730 1364 3809 dies,
1386 3758 1415 3797 oo

251 3920 373 3976 lfactae
392 3920 459 3976 PR²
511 3920 654 3992 dfacteb
727 3923 818 3975 ornnia
835 3924 918 3977 arnt
974 3921 1227 3994 3dispicientes8
1296 3920 1365 3975 refe·

215 4012 306 4063 rentes
325 4026 377 4064 om.
396 4009 435 4063 Ει
493 4008 747 4065 tineommutabili
765 4012 805 4078 (in
823 4029 845 4068 a.
866 4012 883 4069 l.
901 4030 936 4067 m.
958 4012 1027 4071 ltS
1088 4013 1216 4066 deornm
1236 4008 1371 4064 unitesS
1407 4046 1414 4055 ·

217 4096 384 4151 reserantia
403 4098 433 4167 (s.
454 4097 471 4150 t.
490 4115 525 4152 m.
545 4100 562 4153 2
581 4100 611 4152 al
629 4100 778 4161 sententia)
796 4102 827 4155 E
897 4102 973 4172 quin]
996 4102 1131 4172 quianon
1151 4099 1175 4154 S
1236 4098 1269 4153 13
1287 4102 1368 4152 natu-

216 4200 273 4245 ram
290 4185 321 4237 E
391 4187 586 4255 angelieamE
639 4188 673 4242 14
691 4204 806 4258 sesqnee
822 4188 849 4260 (d
865 4196 912 4259 er.)
930 4192 960 4245 E
1030 4187 1370 4257 illo(oinraa.m2)1t

216 4272 252 4325 18
269 4272 329 4342 ipsa
348 4274 388 4327 sic
407 4277 531 4330 creature
550 4281 610 4334 lura
627 4276 660 4329 in
678 4277 785 4345 rotald
855 4278 998 4333 sicema
1033 4280 1065 4333 19
1079 4280 1118 4343 eis
1133 4284 1157 4344 (s
1172 4295 1231 4349 erp.
1247 4294 1282 4333 m.
1297 4278 1371 4343 1)ss

216 4361 299 4416 eioR
335 4363 370 4416 22
381 4380 424 4432 pr.
437 4369 501 4435 post
512 4382 564 4420 om.
574 4365 613 4419 Ε1
649 4366 850 4437 23nesperaP
884 4368 1099 4439 24inqnipitE¹
1135 4368 1171 4422 30
1182 4383 1285 4439 eaquae
1298 4366 1371 4422 Em
