3159 4950
268 479 312 544 42
600 477 626 531 S.
655 477 794 532 Aureli
821 478 1041 548 Augustini

267 673 375 738 deret:
402 673 499 737 dixit
523 673 628 737 deus:
653 673 728 750 fiat,
752 673 785 737 id
809 676 869 751 est,
889 673 921 737 iu
941 674 1038 741 uerbo
1063 675 1113 739 dei
1137 677 1262 741 aeterno
1283 679 1360 752 erat,
1381 680 1418 740 ut

268 779 367 844 fieret.
400 779 473 844 iude
497 779 597 864 igitur
619 779 734 861 incipit
756 798 880 844 narrare
904 782 1153 864 unumquodque
1176 783 1307 862 lactum,
1332 784 1417 866 quod

267 887 365 950 etiarn
390 889 465 969 post
486 887 562 951 facti
587 887 797 952 narrationem
822 888 996 969 quaerenti,
1025 890 1184 970 quomodo
1213 890 1333 954 sactum
1362 891 1415 967 sit,

266 992 297 1056 in
321 992 482 1057 reddenda
503 993 624 1056 ratione
648 994 841 1077 respondere
866 994 1005 1058 deberet.

315 1098 394 1164 Cum
425 1119 499 1183 ergo
529 1099 696 1164 audimus:
732 1102 768 1164 et
801 1100 897 1164 dixit
929 1100 1035 1165 deus:
1068 1101 1153 1179 fiat,
1185 1101 1414 1187 intellegimus,
1451 1123 1466 1160 ⁵

265 1205 353 1287 quod
375 1206 406 1268 in
430 1205 529 1269 uerbo
554 1204 604 1268 dei
629 1207 706 1282 erat,
729 1208 767 1269 ut
786 1205 885 1270 fieret,
911 1226 985 1271 cum
1007 1226 1083 1272 uero
1107 1209 1274 1274 audimus:
1300 1210 1414 1274 etsie

266 1314 324 1396 est
351 1313 508 1388 factum,
539 1311 758 1395 intellegimus
787 1313 904 1377 factam
934 1318 1110 1378 ereaturam
1142 1335 1204 1380 non
1238 1316 1414 1381 excessisse

263 1417 477 1499 praescriptos
510 1416 542 1481 in
576 1417 674 1481 uerbo
708 1415 758 1480 dei
791 1419 945 1483 terminos
978 1420 1104 1503 generis
1137 1421 1198 1485 sui.
1236 1439 1310 1486 cum
1336 1442 1413 1487 uero

266 1521 433 1587 audimus:
464 1525 501 1587 et
524 1523 625 1587 uidit
648 1524 751 1601 deus,
776 1525 865 1606 quia
887 1526 1023 1590 bonum
1047 1531 1114 1606 est,
1138 1528 1357 1612 intellegimus
1381 1530 1414 1592 in

263 1630 461 1714 benignitate
493 1631 625 1713 spiritus
659 1632 728 1696 eius
762 1651 824 1696 non
857 1634 949 1715 quasi
986 1635 1166 1718 cognitum,
1202 1638 1414 1718 posteaquam
1429 1653 1462 1692 ιο

263 1736 384 1800 factum
409 1739 467 1813 est,
492 1737 662 1818 placuisse,
688 1737 743 1801 sed
767 1737 877 1819 potius
899 1739 932 1802 in
957 1758 994 1802 ea
1014 1740 1158 1805 bonitate
1181 1741 1351 1822 placuisse,
1375 1745 1415 1804 ut

262 1846 404 1907 maneret
427 1843 560 1920 facturn,
584 1843 641 1906 ubi
663 1844 821 1925 placebat,
845 1848 883 1908 ut
905 1845 1004 1909 fieret.

309 1951 339 2016 7.
368 1949 414 2014 Ao
438 1968 494 2030 per
516 1949 577 2013 hoc
600 1953 708 2013 manet
736 1950 841 2016 adhuc
864 1970 961 2016 causa
982 1952 1172 2035 requirendi,
1196 1973 1263 2032 cur,
1286 1957 1413 2038 postea·

264 2075 359 2137 quam
390 2056 487 2119 dixit:
522 2059 559 2120 et
592 2055 647 2120 sie
676 2059 733 2120 est
765 2057 924 2136 factum,
953 2059 1009 2122 ubi
1035 2059 1187 2140 perfectio
1214 2061 1278 2124 iam
1307 2062 1413 2142 operis

262 2161 433 2229 indicatur.
462 2162 603 2227 addidit:
638 2165 674 2226 et
702 2164 798 2228 lecit
825 2164 926 2239 deus,
956 2184 1029 2229 cum
1057 2183 1094 2229 eo
1121 2165 1203 2248 ipso,
1232 2166 1318 2248 quod
1346 2167 1461 2231 ait21⁵

262 2271 300 2332 et
325 2268 423 2332 dixit
447 2269 552 2334 deus:
582 2269 654 2334 fiat
676 2270 767 2336 illud.
795 2274 831 2335 et
855 2271 909 2335 sic
934 2273 1166 2349 estfactum,
1195 2273 1259 2337 iam
1285 2274 1411 2338 intelle-

261 2377 356 2457 gatur
388 2375 420 2440 id
454 2375 548 2440 deum
582 2376 699 2442 dixisse
731 2377 763 2441 in
796 2379 894 2443 uerbo
928 2397 1000 2454 suo,
1034 2382 1067 2443 et
1097 2379 1219 2444 factum
1253 2398 1323 2444 esse
1354 2400 1413 2463 per

260 2481 396 2546 uerbum
421 2483 500 2561 eius,
525 2486 620 2566 atque
642 2484 687 2548 ibi
710 2484 774 2549 iam
797 2506 860 2551 non
884 2488 989 2551 solum
1010 2486 1122 2568 patris,
1151 2487 1325 2551 sedetiam
1350 2487 1411 2551 filii

260 2589 366 2671 possit
399 2589 549 2672 adparere
581 2610 725 2673 persona.
763 2610 837 2655 nam
871 2593 899 2657 si
927 2597 1056 2676 propter·
1087 2592 1317 2658 ostendendam
1349 2592 1409 2656 filii

260 2714 427 2777 personam
451 2696 607 2777 repetitur
630 2716 666 2761 ac
686 2698 822 2762 dieitur:
847 2703 884 2763 et
907 2702 1002 2765 lecit
1026 2700 1127 2777 deus,
1151 2700 1310 2781 numquid
1333 2718 1408 2782 ergo
1426 2712 1459 2753 ²⁰

259 2820 321 2866 non
353 2822 409 2885 per
441 2802 544 2867 filium
577 2806 784 2888 cougregauit
817 2825 930 2887 aquam
962 2807 1056 2872 tertio
1090 2806 1150 2882 die,
1178 2809 1215 2870 ut
1242 2806 1409 2888 adpareret

260 2908 357 2987 arida,
375 2909 449 2991 quia
465 2908 510 2973 ibi
524 2929 585 2974 non
599 2910 734 2975 dicitur:
751 2915 784 2975 et
802 2912 880 2977 lecit
894 2912 973 2977 deus
993 2912 1177 2997 congregari
1190 2932 1316 2994 aquam,
1331 2916 1405 2977 aut:

258 3016 467 3099 congregarit
491 3016 570 3079 deus
594 3020 735 3098 aquam?
769 3018 827 3082 sed
853 3021 959 3082 tamen
988 3018 1085 3083 etiam
1112 3019 1167 3094 ibi,
1197 3022 1407 3102 posteaquam

259 3120 356 3185 dixit:
391 3124 427 3185 et
454 3121 595 3186 lactum
625 3126 683 3188 est
711 3124 780 3202 sic,
810 3104 888 3189 tunc
914 3125 1066 3208 repetiuit
1094 3125 1220 3190 dicens:
1255 3129 1292 3189 et
1324 3145 1405 3190 cou-

258 3233 419 3313 gregata
447 3230 506 3292 est
534 3248 642 3311 aqua,
673 3250 767 3313 quae
796 3234 856 3296 est
884 3232 951 3296 sub
976 3234 1091 3297 caelo.
1129 3233 1285 3313 numquid
1309 3233 1404 3297 etiam
1427 3243 1458 3283 ²³
1566 3215 1567 3232 ²

257 3336 311 3398 lux
329 3354 390 3399 nou
410 3355 465 3418 per
483 3334 586 3399 filium
604 3336 689 3400 facta
708 3341 767 3413 est,
786 3338 843 3401 ubi
862 3357 992 3420 prorsus
1011 3340 1099 3403 nullo
1118 3339 1214 3404 modo
1233 3339 1404 3423 repetiuit?

256 3442 363 3523 potuit
386 3443 470 3506 enim
494 3443 615 3507 stillio
639 3443 684 3506 ita
708 3444 831 3509 dicere:
856 3447 888 3509 et
916 3444 994 3509 dixit
1012 3446 1109 3510 deus:
1134 3444 1191 3509 fiat
1212 3446 1277 3509 lux.
1302 3449 1335 3509 et
1357 3446 1405 3509 sic

345 3702 380 3755 24
399 3700 465 3759 Gen.
489 3703 512 3767 l,
532 3705 548 3756 9

291 3860 420 3929 2igitur]
441 3878 504 3929 ergo
522 3861 589 3915 Rbd
659 3862 779 3932 inquipit
797 3862 836 3917 E¹
909 3864 1112 3934 unumquidque
1131 3865 1171 3918 E¹
1233 3866 1402 3919 3narratio·

254 3950 327 4017 nem]
345 3950 479 4001 rationem
497 3948 536 4002 E¹
626 3952 814 4019 quaerentes
886 3953 950 4005 5et
968 3968 1018 4008 om.
1038 3952 1077 4007 Ε1
1144 3954 1256 4022 duero]
1275 3970 1353 4007 uer-o
1373 3954 1403 4021 (b

254 4038 302 4101 er.)
321 4038 352 4089 E
421 4036 637 4105 Spraescribtos
656 4040 686 4091 Ε
707 4039 872 4109 perscriptos
891 4039 948 4106 SR,
969 4041 1013 4106 (in
1029 4045 1100 4108 ras.)
1120 4041 1148 4093 P
1219 4043 1253 4095 10
1276 4041 1403 4111 benigni-

254 4126 377 4193 tatealm
396 4125 442 4193 er.)
461 4126 492 4179 E
545 4126 705 4179 remanere
725 4126 763 4180 E¹
820 4128 853 4180 14
871 4129 959 4197 operis
978 4132 1032 4182 iam
1050 4127 1111 4183 de
1165 4129 1199 4183 16
1217 4130 1296 4199 illud]
1315 4130 1407 4183 luxE

257 4213 288 4266 18
307 4212 389 4267 ubid
459 4214 498 4266 fili
514 4215 544 4268 Ε
603 4216 634 4268 19
655 4215 692 4269 lili
707 4217 736 4269 Ε
797 4216 832 4269 23
852 4233 935 4285 aquas
948 4216 1000 4272 us
1056 4220 1089 4271 25
1106 4224 1170 4287 post
1188 4219 1262 4272 caelo
1280 4219 1405 4287 sequitur

254 4303 281 4355 in
301 4303 511 4371 congregatione
531 4303 635 4357 undam
652 4304 726 4359 a'nS
814 4306 848 4358 26
867 4322 974 4374 prorsus
992 4306 1032 4360 Ει
1051 4323 1160 4376 prossus
1179 4308 1207 4362 R
1278 4307 1354 4360 nullo
1374 4308 1404 4374 (n

253 4392 411 4445 iuream.
431 4392 457 4457 2)
478 4392 508 4445 Ε
559 4392 592 4443 27
613 4396 641 4445 et
661 4398 725 4446 cate
744 4392 812 4446 dixit
831 4394 925 4448 omS
