3159 4950
425 465 474 549 de
495 464 640 519 Genesi
667 464 711 519 ad
738 465 920 519 litteram
947 464 1012 519 lib.
1044 464 1105 519 VII.
1295 468 1359 533 219

212 660 296 743 quod
329 664 389 738 est,
421 660 455 725 id
489 663 538 725 est
570 679 695 726 ornnem
729 662 874 725 naturam
913 664 1009 743 atque
1041 661 1266 741 substantiam,
1300 682 1361 727 non

211 767 339 850 quidem
363 766 559 832 admittenda
582 769 632 831 est
654 767 717 831 ista
739 766 871 850 locutio,
896 786 934 831 ne
959 786 1021 831 non
1044 766 1258 845 inueniamus,
1284 787 1359 851 quo-

210 872 304 938 modo
327 875 496 956 loquentes
521 892 566 948 eo,
592 891 673 955 quae
697 890 828 956 eorpora
852 892 913 937 non
938 874 1023 951 sunt,
1048 892 1066 938 a
1090 874 1274 957 corporibus
1298 874 1360 939 dis·

211 980 411 1063 tinguamus;
434 998 496 1045 non
520 984 627 1044 tamen
650 978 745 1043 nimis
770 983 821 1044 est
839 978 877 1043 de
896 980 1022 1044 nomine
1046 980 1262 1045 laborandum.
1287 1000 1361 1045 nam

182 1089 245 1150 oet
276 1106 333 1151 nos
367 1085 514 1164 dicimus,
548 1084 702 1169 quidquid
735 1086 839 1150 anima
867 1088 926 1165 est,
955 1104 1017 1151 nou
1041 1104 1111 1151 esse
1136 1086 1248 1151 borum
1273 1090 1361 1169 quat

212 1196 284 1258 tuor
306 1192 546 1258 notissimorum
572 1193 811 1269 elementorum,
834 1211 914 1275 quae
933 1192 1102 1259 manifesta
1126 1196 1201 1258 sunt
1221 1212 1360 1276 corpora,

212 1299 269 1364 sed
300 1318 402 1383 neque
434 1300 495 1365 hoo
528 1318 609 1375 esse,
643 1298 727 1382 quod
761 1298 839 1364 deus
872 1302 931 1366 est.
952 1299 1042 1385 ¹quid
1074 1300 1117 1364 sit
1150 1303 1266 1379 autem,
1297 1320 1360 1365 uon

212 1405 328 1496 dieitur
364 1406 480 1471 melius
517 1424 613 1489 quam
650 1405 755 1469 anima
790 1406 845 1469 uel
878 1406 1009 1489 spiritus
1042 1406 1139 1471 uitae.
1173 1405 1243 1471 ideo
1277 1407 1360 1471 enim

213 1512 339 1577 additur
365 1513 503 1591 ,uitae“,
528 1512 603 1595 quia
631 1516 664 1576 et
691 1512 753 1576 iste
782 1530 835 1575 aer
861 1512 1050 1595 plerumque
1079 1512 1195 1577 dicitur
1218 1514 1360 1596 spiritus.

172 1642 196 1679 ro
213 1638 403 1701 quamquam
432 1622 464 1683 et
492 1620 629 1683 animam
657 1618 793 1683 eundem
821 1637 925 1683 aerem
954 1619 1204 1702 appellauerunt,
1233 1622 1270 1684 ut
1297 1620 1360 1683 iam

213 1744 274 1790 non
310 1726 415 1809 possit
450 1723 586 1789 inueniri
624 1743 749 1803 nornen,
774 1744 836 1807 quo
876 1726 1000 1809 proprie
1043 1724 1259 1810 distinguatur
1298 1727 1362 1791 ista

212 1836 333 1910 natura,
362 1852 442 1915 quae
470 1851 529 1897 neo
556 1851 671 1914 eorpus
699 1851 757 1897 neo
785 1832 863 1896 deus
893 1836 942 1899 est
970 1852 1027 1897 neo
1055 1833 1124 1897 uita
1152 1834 1219 1899 sine
1253 1854 1359 1911 sensu,

212 1938 315 2021 qualis
338 1942 446 2024 potest
465 1938 548 2004 credi
567 1938 599 2003 in
619 1939 794 2017 arboribus,
820 1958 877 2004 neo
900 1939 969 2003 uita
988 1940 1055 2005 sine
1074 1940 1221 2007 rationali
1243 1944 1361 2019 mente,

213 2046 316 2129 qualis
340 2048 390 2111 est
407 2046 440 2110 in
458 2046 637 2129 pecoribus,
661 2046 717 2110 sed
742 2046 809 2109 uita
828 2066 910 2111 nuno
929 2046 1033 2111 minor
1050 2066 1145 2130 quam
1165 2048 1360 2131 angelorum,

170 2176 195 2215 u
213 2158 246 2217 et
273 2153 389 2232 futura,
419 2152 504 2236 quod
533 2153 727 2237 angelorum,
752 2151 780 2216 si
805 2171 841 2216 er
863 2156 1032 2236 praecepto
1057 2153 1107 2219 sui
1131 2154 1280 2221 creatoris
1309 2154 1361 2219 hio

213 2258 336 2332 uixerit.
1294 2246 1296 2251 ¹

257 2366 348 2431 Unde
372 2364 415 2430 sit
438 2368 555 2442 autem,
580 2363 614 2428 id
637 2366 687 2428 est
706 2365 744 2429 de
780 2384 843 2448 qua
866 2366 957 2429 uelut
980 2366 1112 2431 materie
1135 2366 1218 2431 facta
1242 2366 1362 2430 situel

214 2472 252 2538 de
276 2493 339 2556 qua
360 2472 501 2557 perdocta
522 2472 679 2554 beataque
703 2476 815 2536 natura
838 2471 1003 2538 defluxerit
1026 2474 1079 2538 uel
1102 2477 1210 2538 utrum
1235 2472 1361 2538 omnino

214 2599 251 2644 ex
273 2580 372 2644 nihilo
395 2579 480 2644 faeta
504 2579 556 2656 sit,
581 2579 708 2643 etiamsi
730 2579 895 2644 dubitatur
914 2584 948 2646 et
965 2581 1135 2662 quaeritur,
1155 2579 1236 2645 illud
1255 2583 1362 2644 tamen

169 2707 195 2746 ao
213 2685 343 2750 minime
367 2684 576 2750 dubitandum
600 2687 650 2749 est
673 2687 714 2760 et,
739 2684 767 2749 si
786 2685 906 2768 aliquid
925 2688 1018 2750 antea
1036 2686 1107 2762 fuit,
1127 2704 1145 2749 a
1164 2685 1223 2750 deo
1241 2685 1362 2750 laetum

214 2810 295 2868 esse,
324 2790 409 2874 quod
436 2790 508 2866 fnit,
539 2793 571 2854 et
600 2809 669 2853 eam
697 2809 780 2854 nune
809 2809 827 2854 a
855 2790 912 2857 deo
942 2791 1070 2870 saetam,
1099 2794 1137 2856 ut
1159 2791 1263 2856 anima
1285 2792 1362 2856 uiua

214 2897 270 2973 sit;
295 2901 351 2962 aut
374 2897 457 2962 enirn
481 2897 562 2961 nihil
586 2897 649 2960 fuit
670 2899 726 2960 aut
748 2897 820 2973 hoo,
841 2897 926 2980 quod
945 2901 1004 2976 est,
1025 2917 1087 2964 non
1106 2898 1177 2962 fuit.
1199 2898 1254 2962 sed
1272 2897 1361 2962 illam

213 3007 346 3086 partem,
370 3023 433 3087 qua
456 3004 685 3085 quaerebamus
710 3004 801 3086 quasi
824 3004 892 3068 eius
915 3005 1081 3070 materiem
1099 3005 1183 3070 unde
1201 3005 1286 3070 faeta
1309 3004 1361 3080 sit,

213 3110 275 3173 iam
300 3110 379 3174 satis
403 3109 621 3174 tractauimus.

171 3241 196 3278 a
260 3218 314 3282 22.
336 3216 441 3294 Nune,
470 3217 498 3280 si
527 3215 654 3280 omnino
683 3234 745 3279 non
773 3215 844 3293 fuit,
874 3216 1086 3299 quaerendum
1115 3219 1174 3294 est,
1204 3217 1361 3299 quomodo

214 3324 318 3405 possit
343 3323 498 3407 intellegi,
526 3323 611 3405 quod
640 3322 777 3387 causalis
807 3321 875 3388 eius
903 3323 982 3388 ratio
1010 3323 1110 3388 fuisse
1139 3323 1303 3388 dicebatur
1330 3323 1362 3387 in

214 3429 325 3512 primis
354 3449 407 3494 sex
435 3429 557 3493 dierum
585 3429 735 3512 operibus
764 3429 826 3508 dei,
851 3429 974 3512 quando
998 3429 1076 3494 seoit
1099 3430 1177 3495 deus
1200 3429 1361 3495 hominem

215 3535 254 3600 ad
286 3536 446 3620 maginem
478 3553 579 3613 suam,
613 3534 697 3617 quod
728 3534 790 3618 nisi
819 3535 994 3600 seeundum
1022 3535 1159 3600 animam
1187 3555 1248 3600 non
1276 3538 1362 3600 reete

250 3758 466 3813 dammittenda
486 3759 539 3814 Pa
610 3759 712 3814 locutio
732 3762 777 3829 ne]
796 3761 934 3814 locutione
954 3759 1014 3816 SR¹
1070 3761 1085 3814 3
1105 3762 1236 3830 eaquae]
1256 3776 1306 3829 eaq
1314 3761 1363 3828 ,¹12

215 3847 360 3902 duomine
379 3847 408 3915 (o
426 3849 458 3902 iro
475 3848 588 3914 roe.)S
657 3864 717 3918 cop.
737 3848 827 3903 XXVI
845 3850 875 3904 E
936 3849 1100 3920 bquiequid
1119 3848 1212 3904 ElRS
1274 3850 1363 3902 luon

215 3953 236 3993 e.
256 3936 274 3989 l.
293 3953 328 3989 m.
349 3937 361 3989 1
382 3937 410 3992 R
482 3937 698 4006 9plerumquae
717 3938 744 3990 P
818 3939 848 3992 11
874 3937 1046 3994 inuenireS
1117 3935 1231 4008 quous
1300 3954 1361 4008 pro-

215 4024 383 4093 priaePRS
436 4027 469 4080 15
483 4030 581 4096 pcepto
598 4029 655 4094 (pa
676 4026 694 4080 1.
708 4044 743 4082 m.
760 4027 829 4091 1)R
901 4026 1047 4082 bioom.S
1095 4029 1127 4082 17
1140 4027 1271 4081 materiae
1285 4026 1365 4082 Eleo

216 4113 344 4177 materiae
365 4115 391 4181 (a
409 4130 470 4184 cap.
488 4132 523 4168 m.
544 4116 569 4182 1)
590 4116 617 4168 P
633 4117 749 4169 materia
767 4115 806 4170 bd
897 4117 929 4170 18
949 4115 1081 4187 perfecte]
1107 4116 1184 4188 uelut
1208 4115 1363 4184 persectab

218 4202 250 4256 19
270 4201 388 4272 etiamsi]
409 4204 547 4257 etiamsiu
567 4203 613 4271 (nb
633 4209 714 4270 erae.)
734 4205 762 4260 R
781 4205 899 4259 etiamb
941 4206 975 4260 20
996 4209 1059 4259 ante
1079 4203 1224 4275 aliquidS
1259 4204 1291 4257 21
1308 4203 1363 4257 fac-

215 4294 274 4342 tum
293 4289 321 4345 R
384 4289 420 4343 22
443 4306 504 4344 mom
521 4307 566 4359 pr.
587 4294 635 4344 eut
652 4291 750 4360 lambit
768 4309 829 4360 cap.
848 4291 952 4348 XXVII
969 4293 1000 4347 E
1060 4291 1094 4346 23
1115 4293 1179 4362 qua]
1199 4307 1280 4361 quam
1297 4291 1364 4346 PR¹

220 4378 356 4432 diluisse
377 4379 583 4447 (estombli
637 4379 1033 4436 aadeuoinrae.1³om.o
1086 4380 1121 4434 28
1140 4379 1254 4451 reeteS
