3159 4950
272 515 308 576 14
618 511 644 564 S.
673 508 810 562 Aureli
837 507 1061 578 Augustini

315 707 364 769 10.
376 705 610 770 Uerumtamen
622 702 889 786 quemadmodum
904 703 971 767 sine
987 705 1128 785 tempore
1139 701 1261 767 dietum
1272 707 1331 769 est.
1343 703 1417 786 quia

266 811 297 874 in
321 812 455 876 uerbum
475 813 675 876 coaeternum
693 809 776 892 patri
795 829 857 874 non
877 809 962 874 eadit
974 813 1114 891 tempus,
1134 813 1242 874 utrum
1260 810 1306 873 ita
1322 811 1418 874 etiarn

266 918 333 982 sine
356 922 499 1001 tempore
521 917 641 982 laetum
666 917 718 996 sit,
744 917 913 1002 quisquam
934 917 1067 981 forsitan
1092 920 1231 1000 quaerat.
1261 917 1318 982 sed
1342 935 1417 999 quo·

266 1025 360 1090 modo
384 1027 491 1108 potest
513 1024 574 1090 hoe
596 1024 749 1109 intellegi,
775 1043 849 1088 eum
872 1024 957 1088 laeta
973 1023 1046 1087 lnce
1067 1027 1100 1087 et
1118 1023 1223 1088 diuisa
1241 1043 1267 1098 a,
1277 1023 1416 1087 tenebris

268 1136 300 1197 et
321 1132 431 1196 inditis
455 1131 517 1196 diei
540 1119 706 1213 noctisque
729 1131 896 1195 uocabulis
921 1130 1005 1194 dieat
1034 1130 1204 1212 seriptum:
1243 1134 1279 1195 et
1316 1131 1418 1195 faeta
1453 1149 1469 1186 ⁵

268 1243 327 1304 est
350 1257 521 1321 uespera,
547 1241 584 1302 et
606 1238 750 1302 laetum
774 1238 833 1301 est
854 1255 959 1300 mane
984 1236 1064 1300 dies
1087 1240 1205 1301 nnus?
1228 1236 1312 1302 unde
1331 1236 1418 1301 uide-

267 1351 319 1410 tur
340 1346 423 1410 illud
446 1363 526 1429 opus
551 1343 601 1408 dei
623 1343 745 1408 laetum
771 1362 829 1426 per
861 1342 1000 1425 spatium
1029 1341 1101 1419 diei,
1131 1362 1192 1424 quo
1221 1347 1347 1426 peraeto
1377 1342 1418 1406 ad

266 1472 431 1536 uesperam
455 1453 587 1516 uentum
613 1449 781 1532 estquod
811 1453 861 1513 est
892 1448 995 1513 noetis
1018 1447 1157 1513 initium.
1185 1449 1328 1530 itemque
1350 1469 1419 1533 per·

268 1563 338 1626 aeto
370 1562 524 1624 nocturno
554 1557 657 1641 spatio
682 1556 848 1638 conplatus
872 1557 922 1619 est
943 1557 1032 1619 totus
1056 1555 1134 1631 dies,
1158 1559 1197 1620 ut
1214 1574 1307 1620 mane
1329 1556 1420 1620 fieret

268 1667 300 1730 in
315 1667 448 1730 alterum
466 1665 559 1742 diem,
575 1665 606 1728 in
622 1683 684 1746 quo
700 1662 748 1726 die
769 1662 847 1726 deus
867 1662 953 1726 aliud
972 1664 1204 1744 consequenter
1227 1665 1418 1743 operaretur.
1440 1682 1471 1720 ιο

312 1773 414 1836 Immo
438 1789 513 1835 uero
537 1769 570 1833 id
592 1770 699 1852 ipsum
723 1769 924 1852 permirabile
944 1773 1004 1848 est,
1020 1789 1094 1835 eum
1109 1769 1188 1835 deus
1203 1771 1291 1835 nullo
1304 1768 1418 1852 'spatio

268 1878 460 1963 syllabarum
484 1879 610 1939 aeterna
641 1875 730 1940 uerbi
762 1877 813 1940 sni
845 1876 966 1940 ratione
990 1877 1121 1941 dixerit:
1154 1878 1226 1941 fiat
1256 1877 1329 1952 lux,
1364 1895 1420 1940 em·

268 1989 356 2051 tanta
378 2002 467 2048 mora
488 1983 573 2048 faeta
606 1983 648 2046 sit
675 1983 739 2060 lux,
778 1981 877 2047 donee
910 1983 973 2046 diei
1001 1984 1141 2066 spatium
1172 1984 1356 2067 praeteriret
1387 1983 1421 2045 et

267 2110 401 2175 uespera
424 2089 522 2154 fieret.
547 2109 585 2154 an
608 2088 689 2154 forte
719 2089 781 2154 eito
811 2089 941 2172 quidem
963 2090 1018 2154 lux
1044 2090 1130 2154 faeta
1158 2093 1216 2167 est,
1247 2089 1303 2152 sed
1331 2106 1423 2152 mora

269 2197 371 2262 diurni
403 2195 555 2279 temporis
587 2195 620 2258 in
654 2213 689 2260 eo
723 2194 869 2259 consumi
896 2195 1017 2276 potuit,
1042 2214 1115 2259 eum
1144 2194 1373 2260 discerneretur
1401 2211 1471 2256 aas

268 2303 415 2382 tenebris,
440 2305 534 2384 atque
559 2304 728 2384 utrumque
748 2301 920 2366 discretum
941 2301 1008 2366 suis
1027 2302 1194 2367 uocabulis
1214 2301 1421 2385 signaretur?
1442 2359 1448 2370 ,

268 2410 395 2489 mirum,
420 2409 446 2475 si
471 2411 502 2472 et
525 2409 585 2475 hoe
617 2411 671 2474 uel
702 2411 791 2472 tanta
822 2427 912 2475 mora
933 2408 1001 2474 fieri
1033 2409 1139 2493 potuit
1163 2427 1182 2471 a
1204 2408 1278 2487 deo,
1303 2410 1423 2490 quanta

270 2517 386 2583 dieitur
409 2536 427 2580 a
449 2516 550 2581 nobis.
576 2516 723 2581 diseretio
757 2516 874 2600 quippe
897 2516 980 2581 lueis
1005 2520 1037 2580 et
1060 2517 1261 2581 tenebrarum
1292 2515 1326 2578 in
1349 2514 1422 2596 ipso

270 2624 381 2707 utique
405 2642 507 2705 opere,
543 2642 616 2687 oum
639 2624 692 2686 lux
725 2623 824 2700 fieret,
849 2623 1021 2688 consecuta
1054 2623 1116 2696 est;
1154 2640 1216 2685 non
1250 2620 1335 2685 enim
1366 2622 1423 2685 lnr

271 2750 340 2795 esse
363 2730 478 2812 potuit,
502 2730 564 2794 nisi
588 2729 818 2794 discerneretur
841 2749 860 2793 a
882 2727 1032 2793 tenebris.
1442 2750 1471 2789 ιο

243 2876 245 2879 -
315 2835 407 2915 Quod
439 2839 546 2900 autem
578 2836 733 2900 uoeauit
765 2834 857 2899 deus
887 2835 1011 2899 lucem
1044 2834 1142 2898 diem
1176 2837 1212 2900 et
1243 2837 1422 2899 tenebras

271 2946 427 3019 noctem,
452 2945 569 3025 quanta
591 2960 680 3007 mora
701 2941 769 3006 fieri
791 2944 924 3023 poterat,
959 2941 1055 3005 etiam
1088 2942 1115 3005 si
1148 2940 1208 3005 hoe
1237 2941 1422 3024 syllabatim

270 3068 461 3133 personum
485 3048 574 3113 noeis
599 3048 727 3131 egisset,
751 3048 814 3112 nisi
838 3051 956 3131 quanta
979 3050 1011 3112 et
1034 3067 1053 3111 a
1079 3047 1172 3113 nobis
1201 3047 1318 3112 dieitur
1346 3049 1423 3125 „lux

271 3160 404 3221 uocetur
427 3155 494 3219 dies
518 3158 550 3219 et
572 3155 719 3219 tenebrae
752 3157 907 3220 nocentur
928 3158 1031 3219 nor?“
1065 3154 1126 3218 nisi
1158 3154 1240 3220 sorte
1273 3156 1344 3237 quis
1375 3155 1424 3218 ita

272 3263 417 3345 desipiat,
441 3265 487 3337 ut,
513 3260 587 3343 quia
609 3280 704 3343 snper
727 3260 833 3325 onmia
850 3280 986 3345 magnus
1005 3263 1056 3325 est
1074 3260 1163 3339 dens,
1181 3264 1276 3343 putet
1298 3281 1350 3327 ore
1370 3259 1423 3325 dei
1443 3289 1472 3327 ιε

271 3370 410 3452 prolatas
435 3366 580 3449 quamuis
603 3366 813 3449 paucissimas
837 3368 976 3451 syllabas
998 3386 1055 3451 per
1072 3370 1177 3431 totum
1201 3367 1263 3431 diei
1282 3367 1423 3450 spatium

272 3476 415 3559 potuisse
439 3473 587 3539 distendi.
629 3472 691 3537 hue
725 3474 856 3551 aceedit,
881 3475 956 3557 qnia
978 3475 1075 3538 uerbo
1100 3474 1162 3539 sibi
1190 3478 1365 3552 coaeterno,
1387 3472 1423 3536 id

273 3585 322 3647 est
349 3579 619 3645 incommutabilis
648 3579 821 3662 sapientiae
847 3580 979 3645 internis
1012 3580 1212 3663 aeternisque
1234 3579 1422 3656 rationibus,

365 3772 381 3825 5
401 3771 468 3827 Gen.
489 3772 512 3835 1,
532 3772 549 3826 5
603 3771 635 3825 21
658 3770 724 3825 Gen.
746 3772 769 3835 1,
789 3772 806 3824 5

310 3893 580 3965 lquernarnnrodum
599 3894 666 3949 P¹R
729 3896 836 3964 2patri
856 3898 1028 3949 coaeternum
1046 3894 1163 3950 PRde
1215 3894 1365 3949 diersitan
1382 3892 1424 3947 13¹

273 3984 441 4039 bindieisb
534 3988 561 4037 at
579 4000 630 4040 om.
649 3982 764 4038 PRde
853 3984 1031 4054 duesperum
1050 3984 1078 4039 R
1166 3983 1276 4037 initium
1300 3983 1424 4036 noetisb

276 4074 308 4127 12
332 4090 400 4143 quur
417 4073 446 4127 P
534 4074 567 4127 15
591 4072 691 4142 diurni]
718 4072 838 4126 dinami
862 4073 891 4129 R
914 4073 1035 4127 diuturni
1058 4073 1126 4127 E¹P
1216 4073 1249 4126 16
1273 4070 1428 4141 suisqueS

275 4163 308 4216 19
324 4166 479 4216 consecrata
495 4164 526 4225 (a.
540 4162 558 4216 l.
572 4178 606 4216 m.
622 4160 685 4215 2⁸1
700 4164 818 4229 eseeuta)
833 4161 864 4215 E
916 4162 950 4215 22
966 4162 1072 4231 syllaba
1085 4162 1114 4225 in
1127 4177 1175 4230 per
1192 4176 1288 4213 sonum
1309 4160 1347 4224 (in
1361 4154 1424 4227 cap.

274 4266 307 4305 m.
330 4250 396 4317 IJS
445 4249 975 4321 aedesipiar(pri1aiez.m.1)s
1026 4248 1267 4304 2711111111Ρ18ι
1340 4249 1425 4301 uerbo

274 4356 295 4394 a.
316 4340 333 4393 l.
353 4356 387 4393 m.
408 4340 465 4395 IS
553 4357 605 4409 quo
629 4344 738 4393 aeterno
762 4339 790 4394 R
861 4339 896 4392 28
919 4337 1149 4392 incommutabilis
1167 4338 1207 4391 Ε1
1296 4336 1424 4405 internis]

276 4429 392 4482 aeternis
412 4427 450 4483 E¹
