3159 4950
246 439 311 504 330
597 435 623 490 S.
651 434 789 490 Aureli
816 433 1040 504 Augustini

246 631 362 715 quippe
379 633 454 696 sunt
471 629 528 694 illa
550 629 621 695 uisa
638 629 757 694 talibus
776 628 882 697 dictis.
906 647 944 693 ec
962 628 1009 694 sio
1028 631 1142 707 errant,
1162 627 1393 694 constituentes

222 738 277 803 ‘in
306 737 398 804 corde
427 755 484 802 sno
512 735 683 802 simulacre
709 754 812 800 uanae
840 735 998 819 opinionis
1022 753 1080 800 neo
1102 734 1325 820 intellegentes
1348 733 1395 800 ite

246 846 374 910 sanctos
398 843 437 909 do
460 842 527 908 suis
550 841 631 908 uisis
655 841 775 906 talibus
798 841 968 918 indicasse,
992 841 1129 924 qualiter
1153 841 1342 918 iudicarent,
1366 840 1394 905 si

245 951 324 1016 talia
354 949 509 1016 dirrinitns
540 949 572 1015 in
605 949 715 1034 ligonis
749 949 835 1014 dicta
865 949 1010 1033 legerent
1034 948 1088 1013 uel
1116 947 1276 1014 audirent:
1309 948 1395 1012 sicut

246 1059 370 1141 septem
387 1056 494 1140 spicae
513 1057 546 1122 et
563 1058 686 1140 septem
705 1055 806 1122 bones
822 1057 948 1138 septem
966 1054 1039 1120 anni
1057 1057 1142 1131 sunt
1157 1054 1242 1120 siout
1258 1054 1393 1120 bnteum
1425 1076 1439 1117 s

247 1165 397 1248 quattuor
418 1161 512 1228 lineis
531 1162 700 1247 alligatum
719 1163 811 1227 uelut
828 1161 937 1229 discus
954 1161 1069 1245 plenus
1087 1162 1185 1227 uariis
1204 1161 1395 1227 animalibus

248 1269 333 1336 orbis
355 1273 511 1336 terrarum
535 1271 586 1336 est
609 1288 683 1334 cum
706 1268 854 1335 omnibus
879 1267 1040 1353 gentibus,
1059 1267 1106 1334 sic
1125 1267 1231 1334 omnia
1244 1271 1349 1333 cetera
1362 1269 1395 1332 et

246 1376 350 1442 multo
378 1375 492 1460 magis,
521 1394 600 1459 quae
629 1374 790 1441 derebus
818 1375 1015 1459 incorporeis
1037 1375 1253 1458 corporalibus
1277 1373 1395 1458 signifi·

248 1485 359 1548 esntur
380 1501 442 1547 non
466 1481 572 1560 rebus,
597 1480 654 1547 sed
676 1481 882 1567 imaginibus.

293 1589 346 1656 26.
369 1586 483 1654 Noluit
509 1589 614 1652 tamen
638 1587 853 1654 Tertullianus
881 1587 1018 1652 animam
1048 1605 1188 1654 creseere
1216 1587 1396 1652 substantia
1414 1607 1441 1648 ro

248 1695 335 1761 sicut
361 1713 486 1778 corpus,
514 1693 663 1762 adserens
689 1694 786 1760 etiam
813 1693 939 1760 timoris
963 1694 1014 1760 sui
1037 1711 1181 1760 causam:
1208 1712 1253 1758 ne
1281 1692 1395 1757 etism

249 1800 470 1866 decrescere
508 1799 658 1865 dicatur
694 1800 925 1878 substantia,
965 1800 1079 1884 inquit,
1118 1802 1233 1884 atque
1268 1799 1323 1865 ita
1359 1802 1396 1864 et

249 1907 446 1974 delectere
469 1906 656 1974 credetur.
677 1911 710 1974 et
727 1911 845 1987 tamen,
865 1907 940 1991 quin
956 1927 1012 1991 per
1030 1925 1145 1992 corpus
1165 1925 1235 1972 eam
1252 1906 1396 1972 localiter

248 2013 361 2092 tendit,
385 2033 447 2080 nou
470 2013 593 2080 inuenit
615 2013 735 2080 exitum
757 2014 1024 2081 incrementorum
1049 2013 1128 2092 eius,
1149 2031 1245 2096 quem
1263 2013 1335 2078 uult
1358 2011 1395 2076 de

250 2120 369 2187 semine
402 2120 514 2205 exiguo
547 2121 674 2204 aequari
707 2121 848 2204 corporis
875 2120 1058 2205 quantitati,
1087 2123 1121 2186 et
1146 2120 1204 2184 ait:
1239 2118 1304 2186 sed
1336 2118 1396 2184 uis
1414 2139 1441 2181 ιε

251 2227 343 2304 eius,
382 2226 419 2292 in
455 2245 527 2311 quo
564 2227 757 2292 naturalia
793 2228 947 2310 peculia
983 2227 1133 2294 consite
1168 2225 1395 2302 retinentur,

251 2333 360 2396 soluo
395 2330 638 2398 substantiae
670 2331 835 2413 modulo,
867 2351 939 2417 qno
971 2352 990 2398 e
1020 2328 1229 2416 primordio
1259 2330 1396 2397 inflata

251 2441 319 2517 est
342 2437 528 2522 paulatim
552 2457 633 2504 oum
657 2456 765 2508 carne
788 2438 1022 2523 producitur.
1046 2439 1107 2505 boc
1124 2438 1207 2505 forto
1224 2457 1287 2505 non
1305 2437 1397 2504 intel·

249 2545 441 2632 legeremus,
473 2545 536 2611 nisi
568 2545 710 2612 adhibite
741 2546 952 2613 similitudino
983 2547 1115 2631 planum
1145 2547 1275 2624 iaceret,
1311 2545 1398 2629 quod

252 2653 386 2719 dicebat
437 2653 647 2731 constitue,
684 2652 803 2737 inquit,
841 2656 985 2721 certum
1025 2651 1172 2736 pondus
1212 2652 1294 2718 euri
1335 2653 1441 2718 uelo

252 2759 411 2844 argenti,
434 2758 564 2824 rudem
587 2759 709 2826 adbuc
731 2779 893 2827 messam
908 2784 916 2825 ι
932 2761 1130 2828 conlectus
1157 2760 1315 2826 babitus
1338 2761 1398 2826 est

251 2866 313 2931 illi
341 2869 377 2931 st
403 2866 533 2933 futuro
561 2866 713 2933 interim
746 2868 875 2948 minor,
908 2870 1032 2933 tamen
1067 2868 1267 2934 continens
1295 2866 1397 2932 intre

251 2972 389 3037 lineam
407 2971 553 3038 moduli
571 2976 693 3039 totum
712 2973 810 3057 quod
827 2977 964 3040 natura
982 2978 1041 3040 est
1059 2974 1141 3040 anri
1158 2975 1222 3039 uel
1237 2973 1395 3058 argenti.

253 3076 388 3143 dehinc
435 3095 517 3143 cum
563 3076 601 3142 in
645 3078 859 3144 lammiuam
900 3098 1025 3145 messa
1068 3081 1233 3158 laxetur,
1279 3080 1397 3145 maior

341 3312 410 3370 boi.
430 3312 496 3369 Gen.
515 3270 558 3378 41,
578 3314 613 3369 26
686 3314 800 3369 oldut
824 3314 865 3379 lo,
886 3314 982 3369 11.12
1020 3315 1052 3369 11
1068 3313 1182 3370 Tertuli
1202 3313 1236 3369 de
1253 3316 1344 3371 anima
1361 3316 1395 3369 37

253 3400 304 3467 (ed
318 3401 359 3477 d.
377 3400 572 3470 Reifferscheid
589 3408 614 3457 ct
633 3402 667 3459 θ.
690 3400 826 3459 Wiseowc
839 3419 870 3472 p.
891 3404 961 3467 364,
983 3405 1088 3474 9-24)
1444 3396 1449 3405 ’

288 3540 431 3597 luisisS
494 3542 692 3613 diudicerent]
712 3542 867 3597 iudicantb
933 3543 1064 3614 liguris
1082 3544 1154 3614 (w.
1171 3544 1397 3613 fiaesupmcr.

252 3629 309 3699 'id'
360 3628 734 3701 5·spiceSspinoe(oom.
750 3632 818 3699 2)1e
891 3636 997 3703 septem
1016 3637 1081 3687 cote
1097 3630 1184 3686 boues
1202 3647 1236 3687 ce
1252 3648 1354 3702 sempm
1369 3632 1400 3687 Ε

250 3718 419 3774 linthenrnb
482 3719 609 3790 blineis]
629 3720 721 3775 linteis
741 3719 808 3776 PR¹
871 3720 906 3775 10
925 3720 1134 3776 subsubstuntia
1150 3715 1181 3775 Ε
1196 3719 1352 3775 substantii
1368 3720 1412 3777 Β»

252 3807 284 3862 11
318 3822 442 3863 moerens
469 3808 551 3863 EPR
585 3808 698 3863 efferens
727 3807 764 3864 bd
890 3808 923 3864 12
951 3807 1108 3865 substantia
1139 3808 1246 3864 dicatur
1269 3808 1397 3875 PRde5

250 3896 314 3951 eom
335 3896 448 3951 Tertult
463 3914 494 3965 p.
514 3898 624 3961 3649
711 3896 809 3967 inquid
825 3896 891 3953 Eis
970 3900 1005 3953 15
1029 3897 1179 3968 quantitati
1201 3900 1233 3969 (e.
1258 3898 1277 3953 1.
1295 3914 1330 3952 se.
1350 3898 1397 3953 21

251 3984 391 4054 paulitati)
407 3984 436 4042 R
508 3986 541 4039 16
560 3986 623 4057 quo]
643 4002 697 4057 qus
717 3986 832 4042 Tenuit
922 3988 1104 4041 retinerentur
1121 3984 1153 4041 Ε
1223 3986 1256 4041 17
1275 3985 1352 4041 selbo
1370 3985 1399 4040 P

252 4070 286 4127 18
303 4072 467 4143 producetur
484 4073 549 4129 PR¹
568 4072 732 4143 producetur
749 4074 777 4129 in
796 4073 925 4129 membris
937 4074 953 4129 b
1017 4076 1046 4129 19
1066 4074 1185 4129 atbibita
1197 4073 1239 4129 E¹
1257 4074 1362 4129 odibita
1375 4072 1399 4129 S

247 4166 312 4229 post
330 4160 511 4216 similitudine
530 4160 655 4217 addunt:
673 4178 765 4217 sorum
785 4179 854 4235 quae
873 4163 999 4219 uidemus
1017 4164 1055 4219 bd
1144 4164 1180 4219 20
1199 4164 1350 4227 constituae
1369 4163 1397 4230 (a

252 4264 311 4315 ap.
329 4265 365 4302 ea.
383 4250 450 4315 rjle
521 4248 670 4319 inquidE¹
726 4252 758 4307 21
775 4250 1145 4323 argenti(aradd.m.2)S
1214 4250 1400 4306 estabitusS

252 4334 433 4390 luminosas
484 4336 692 4407 temen]tumS
726 4337 1029 4408 231ineam1uenams
1062 4338 1239 4394 illuminem
1248 4338 1309 4393 de
1323 4338 1395 4392 Tert.
