3159 4950
246 482 310 545 196
596 476 622 532 S.
650 477 787 531 Aureli
815 477 1031 547 Augustini

288 676 341 739 23.
368 674 428 739 Sed
460 691 569 738 rursus
602 692 663 737 non
696 670 817 745 uident,
851 672 905 753 qui
938 672 1006 736 eius
1040 690 1154 754 corpus
1181 670 1213 735 in
1242 671 1387 753 paradiso

244 784 402 846 mutatum
425 782 548 863 putant,
572 782 609 843 ut
632 798 669 843 ex
691 778 821 843 cannah
843 778 934 843 fieret
957 777 1109 859 spiritale,
1133 777 1213 841 nihil
1236 778 1387 860 inpedire.

244 888 272 952 si
300 906 361 951 non
390 889 565 971 peccasset,
593 888 632 949 ut
657 887 732 966 post
757 884 897 967 paradisi
925 884 1036 959 uitem,
1061 902 1155 966 quam
1184 884 1268 947 iuste
1297 884 1386 949 oboe-

244 994 428 1076 dienterque
450 992 594 1069 uixisset,
618 992 776 1073 acciperet
799 991 930 1055 eandem
955 991 1094 1073 corporis
1123 990 1333 1055 mutationem
1355 990 1386 1055 in

243 1102 343 1165 uitam
358 1104 528 1176 aeternam,
539 1098 595 1163 ubi
609 1099 673 1162 iam
691 1098 771 1162 cibis
786 1098 1003 1181 corporalibus
1018 1116 1080 1163 non
1096 1100 1212 1181 egeret.
1228 1096 1303 1179 quid
1315 1116 1388 1182 ergo
1419 1120 1433 1159 e

243 1227 373 1273 necesse
397 1211 448 1271 est
468 1209 598 1290 propter
619 1204 680 1270 hoo
702 1204 766 1269 iem
796 1204 867 1288 cogi
894 1204 1039 1288 figurate,
1063 1223 1125 1269 non
1153 1204 1278 1288 proprie
1301 1223 1389 1288 para·

244 1312 349 1378 disum
371 1312 569 1395 intellegere,
592 1312 668 1394 quia
691 1330 751 1376 non
775 1315 886 1394 posset
908 1311 989 1376 mori
1013 1330 1127 1395 eorpus
1151 1311 1213 1375 nisi
1235 1316 1388 1395 peccato?

243 1438 354 1484 uerum
383 1421 433 1483 est
460 1417 598 1500 quidem,
628 1417 711 1501 quod
739 1437 801 1483 non
830 1422 1005 1482 moreretur
1031 1418 1126 1483 etiam
1155 1436 1294 1501 corpore,
1327 1416 1388 1481 nisi

242 1528 421 1609 peccasset;
452 1528 559 1607 aperte
583 1526 701 1606 quippe
725 1524 804 1588 dicit
827 1525 1005 1605 apostolus:
1035 1543 1171 1606 corpus
1199 1526 1387 1589 mortuum

244 1635 303 1697 est
333 1634 488 1715 propter
517 1634 729 1714 peccatum:
763 1630 899 1695 animale
932 1636 1037 1695 tamen
1070 1634 1180 1714 posset
1213 1648 1283 1695 ease
1316 1632 1388 1693 ante
1408 1653 1434 1692 rc

243 1742 410 1822 peccatum
447 1741 480 1803 et
515 1741 590 1820 post
625 1738 725 1801 uitem
760 1737 913 1814 iustitiae,
952 1756 1024 1802 cum
1062 1737 1140 1802 deus
1178 1738 1287 1812 uellet,
1320 1734 1389 1799 fieri

244 1845 395 1927 spiritale.

289 1954 340 2015 24.
366 1950 532 2028 Quomodo
556 1968 642 2034 ergo,
666 1951 825 2033 inquiunt,
849 1951 993 2015 renouari
1022 1950 1166 2027 dicimur,
1192 1950 1303 2015 sinon
1328 1948 1388 2012 hoc

243 2058 424 2139 recipimus,
455 2057 539 2139 quod
567 2056 705 2139 perdidit
732 2056 854 2138 primus
883 2056 989 2133 homo,
1017 2056 1049 2121 in
1075 2074 1136 2139 quo
1162 2074 1271 2121 omnes
1295 2054 1388 2120 mori-

243 2167 360 2227 untur?
387 2163 447 2227 hoc
474 2164 566 2245 plene
594 2163 766 2245 recipimus
795 2162 968 2227 seeundum
999 2162 1155 2245 quendam
1187 2162 1319 2227 modum
1356 2164 1388 2227 et
1408 2186 1434 2225 re

242 2290 304 2335 non
316 2269 558 2351 hoerecipimus
569 2268 743 2333 secundum
759 2268 914 2351 quendam
925 2269 1065 2334 modum.
1080 2288 1141 2334 non
1151 2270 1259 2352 itaque
1274 2269 1386 2333 inmor-

241 2376 398 2439 talitatem
432 2376 584 2457 spiritalis
609 2375 747 2457 corporis
770 2374 953 2457 recipimus,
979 2394 1077 2458 quam
1110 2374 1248 2440 nondum
1276 2374 1389 2439 habuit

242 2481 349 2556 homo,
379 2481 434 2546 sed
461 2481 633 2564 recipimus
660 2481 828 2560 iustitiam,
858 2501 894 2546 er
917 2502 979 2565 qua
1006 2501 1062 2566 per
1088 2486 1255 2566 peecatum
1277 2484 1387 2564 lapsus

244 2593 294 2653 est
329 2589 434 2654 homo.
472 2588 696 2653 renouabimur
732 2607 807 2674 ergo
845 2608 864 2652 a
899 2591 1061 2654 uetustate
1097 2590 1221 2673 peccati
1257 2607 1317 2653 non
1355 2588 1386 2651 in

242 2695 411 2777 pristinum
435 2714 550 2776 corpus
574 2695 720 2774 animale,
743 2695 776 2761 in
806 2715 866 2778 quo
896 2696 958 2760 fuit
980 2696 1091 2771 Adam,
1115 2695 1172 2761 sed
1200 2696 1231 2760 in
1260 2695 1386 2760 melius.
1405 2715 1434 2756 ro

243 2800 274 2863 id
299 2803 348 2865 est
369 2801 401 2863 in
426 2819 540 2883 corpus
564 2801 715 2882 spiritale,
735 2822 808 2866 eum
829 2801 1002 2866 efficiemur
1020 2803 1166 2885 aequales
1186 2803 1307 2885 angelis
1326 2800 1386 2876 dei,

243 2909 308 2990 apti
345 2908 476 2973 caelesti
512 2909 710 2982 habitationi,
749 2910 805 2974 ubi
838 2929 921 2986 esca,
959 2927 1038 2992 quae
1071 2908 1292 2992 corrumpitur,
1326 2925 1386 2971 non

243 3015 417 3098 egebimus.
441 3016 664 3080 renouabimur
687 3035 761 3100 ergo
786 3015 898 3099 spiritu
923 3017 1039 3080 mentis
1062 3017 1188 3080 nostrae
1212 3011 1386 3078 secundum

243 3121 411 3204 imaginem
432 3121 511 3197 eius,
532 3123 587 3204 qui
606 3123 726 3186 creauit
744 3141 813 3202 nos,
833 3141 926 3206 quam
945 3121 1104 3206 peccando
1118 3121 1219 3186 Adam
1239 3119 1386 3205 perdidit.

334 3407 365 3459 21
388 3406 420 3461 cf.
439 3407 537 3460 Mattlr.
557 3409 601 3471 22,
621 3409 655 3462 30
709 3408 744 3462 23
764 3408 797 3462 cf.
817 3407 915 3478 Ephes.
933 3410 960 3477 4,
979 3409 1013 3463 23

279 3579 511 3648 lparadisumS
580 3581 647 3634 aur
665 3597 716 3635 om.
735 3582 765 3635 E
836 3585 927 3652 quani]
947 3582 1004 3636 sib
1078 3584 1254 3638 oboedienter
1272 3603 1341 3656 quae
1358 3583 1386 3638 R

242 3670 332 3723 5uite
347 3667 583 3723 aetemaPRde
622 3669 719 3739 (leogi
737 3669 834 3725 oneS
903 3671 1035 3740 figuratae
1050 3671 1080 3726 E
1097 3673 1253 3744 ligurateS
1324 3691 1384 3745 pro·

241 3759 315 3826 priae
332 3756 385 3812 RS
455 3759 472 3812 8
490 3758 634 3810 moriretur
652 3756 675 3811 S
762 3759 794 3811 ia
817 3775 866 3828 nep.
887 3759 952 3813 edd.
978 3765 1028 3813 aut
1051 3766 1188 3816 m.1c1ul
1212 3763 1384 3831 coaequalis:

242 3845 280 3898 Ex
298 3845 368 3898 libro
388 3844 421 3899 de
434 3845 602 3915 correptione
616 3851 644 3899 et
657 3863 706 3915 gra
716 3887 722 3901 .
731 3847 804 3900 Bina
815 3847 869 3901 iste
882 3849 946 3918 quid
959 3849 1031 3902 inter
1043 3866 1071 3903 sc
1085 3849 1213 3904 differunt
1226 3851 1344 3922 diligent
1358 3855 1386 3905 et

242 3933 405 4003 uigilanter.
418 3975 442 3988 ..
457 3939 485 3986 et
495 3949 575 4002 posse
588 3935 675 3988 multo
687 3936 773 3988 maior
785 3953 839 3990 non
853 3953 930 4006 posse
943 3939 1010 3990 mori
1023 3938 1051 3992 R
1100 3939 1134 3992 10
1153 3945 1194 3994 est
1207 3956 1257 3995 om.
1273 3939 1387 3996 PRde

243 4026 334 4075 temen
353 4023 457 4090 posset]
475 4028 606 4091 poe-est
626 4023 670 4088 (en
687 4029 758 4091 ras.)
777 4024 806 4078 R
871 4027 901 4080 ll
922 4027 979 4080 lieri
999 4043 1049 4081 orn.
1068 4027 1099 4081 E
1169 4030 1202 4082 14
1221 4047 1275 4082 non
1295 4029 1384 4099 perdi·

242 4109 325 4163 ditS
378 4111 411 4163 15
430 4126 490 4177 cap.
509 4109 626 4163 XXVIII
644 4112 675 4164 E
728 4113 761 4165 16
777 4119 841 4181 poet
860 4113 967 4167 modum
986 4122 1146 4183 repeteretur
1163 4117 1249 4172 uerba
1268 4133 1337 4172 uere.
1349 4120 1386 4171 15

243 4201 271 4250 et
289 4213 342 4250 non
361 4197 557 4250 boc-medum
577 4200 608 4250 in
626 4199 685 4252 cod.
704 4199 732 4252 P
839 4201 944 4271 itaque]
963 4203 1057 4271 utique
1077 4203 1100 4258 S
1190 4205 1222 4258 18
1241 4209 1299 4275 per}
1318 4206 1344 4259 in
1364 4205 1388 4260 S

241 4284 333 4338 labsus
351 4285 379 4338 P
469 4287 502 4339 19
525 4289 556 4340 in
578 4304 628 4356 mg.
649 4287 791 4342 additum:
815 4288 867 4355 Qui
891 4289 961 4350 legis
980 4297 1058 4346 acute
1076 4293 1152 4362 legas
1172 4295 1201 4346 et
1218 4311 1272 4348 non
1292 4293 1385 4349 credas

241 4373 361 4443 pdidiese
380 4373 427 4426 sed
448 4373 624 4428 deteriorasse
644 4376 762 4446 imagine
782 4376 811 4432 dl
830 4377 854 4432 S
907 4380 940 4433 23
959 4397 1120 4434 renouemur
1138 4381 1213 4438 PRd
