3159 4950
645 472 864 526 Praefatio.
1207 477 1332 540 XVIIII

167 669 207 734 id
232 670 318 752 quod
341 670 391 735 bIs
416 670 524 734 euenit
546 670 711 752 praeberet
730 671 785 732 aut
805 669 837 732 in
857 669 1091 734 adnotationem
1113 669 1251 752 reprero
1276 675 1332 735 aut

169 776 263 860 typis
287 775 487 859 exprimenda
511 794 619 840 curare
643 793 705 840 non
729 793 801 840 sum
826 793 933 841 ausus.
957 775 1006 839 illi
1030 778 1137 840 autem
1160 776 1224 842 loci
1248 797 1329 861 quos

166 884 204 946 in
222 882 404 947 subsidium
420 882 520 946 asolui
534 882 565 945 in
580 883 665 946 hunc
679 881 813 945 modum
830 881 1017 945 conformati
1031 885 1201 966 suntzpoq.
1212 886 1331 963 513,16

167 987 218 1050 EI
241 989 344 1052 dicent
366 989 442 1069 quio
463 1008 544 1052 acor
565 987 651 1051 iltius
673 987 734 1067 hcc,
752 1007 829 1068 pop.
851 990 924 1061 538,
944 987 1211 1052 251noocabitor
1235 991 1268 1053 in
1286 992 1331 1054 eds

165 1117 286 1160 nornen
304 1106 376 1160 uwel
392 1100 420 1160 et
437 1117 548 1160 nocuo
564 1100 696 1176 potrum
718 1115 867 1160 ruscorum.
890 1113 993 1177 noque
1012 1095 1045 1159 id
1064 1098 1328 1162 contemnendum

166 1205 233 1280 est,
260 1203 346 1284 quod
369 1223 441 1268 oum
466 1202 575 1269 codice
594 1201 744 1266 Treoensi
767 1202 858 1266 solus
879 1201 955 1265 libri
978 1201 1066 1266 tertii
1088 1203 1207 1284 priores
1223 1205 1330 1269 XXXI

165 1310 354 1374 locutiones
388 1309 541 1374 seruauit.
575 1329 638 1391 quo
670 1309 773 1392 magis
807 1307 979 1373 dolendum
1003 1311 1054 1373 est
1079 1310 1163 1373 hunc
1188 1310 1328 1375 codicem

164 1416 276 1480 tribus
304 1416 475 1498 postremis
501 1415 592 1480 libris
622 1433 749 1480 carere.
766 1433 868 1498 nequo
896 1415 966 1478 eius
999 1415 1216 1480 condicionem
1247 1417 1328 1481 iudi-

165 1523 258 1587 canti
290 1522 358 1586 ueri
391 1521 495 1586 simile
527 1521 564 1585 fit
596 1541 668 1586 oum
703 1521 758 1604 qui
791 1521 934 1586 codicem
967 1521 1170 1587 scribendum
1203 1525 1329 1587 curauit

166 1646 330 1710 umquam
352 1629 385 1692 in
409 1629 513 1692 animo
538 1627 688 1692 habuisse
711 1630 776 1691 tres
800 1628 993 1708 posteriores
1016 1627 1115 1692 libros
1139 1627 1263 1696 addere.

216 1735 323 1800 Codex
359 1733 567 1799 Nouarionsis
604 1733 753 1798 LXXXII
790 1735 832 1798 48
870 1735 1003 1800 membr.
1040 1735 1073 1798 in
1112 1737 1143 1798 4⁰
1181 1755 1262 1803 saec.
1297 1736 1378 1801 XN

163 1844 317 1906 exaratus
340 1840 427 1906 foliis
448 1841 511 1905 148
532 1842 666 1904 constat.
692 1840 834 1904 continet
857 1844 964 1904 autern
987 1845 1113 1923 praeter
1133 1843 1325 1908 Locutiones

163 1945 403 2026 Quaestionum
427 1964 552 2029 quoque
576 1945 607 2008 in
627 1945 889 2026 Heptateuchum
912 1946 1010 2011 libros
1035 1947 1105 2011 VH.
1127 1967 1207 2029 quac
1232 1969 1325 2030 opera

162 2074 232 2119 non
267 2053 385 2118 usitato
419 2052 537 2130 ordme,
562 2055 600 2117 ut
622 2057 696 2135 post
724 2053 924 2136 singulorum
956 2052 1110 2118 librorum
1133 2055 1325 2121 LocutIones

164 2159 344 2225 eorundem
371 2159 524 2224 librorum
555 2159 758 2241 quaestiones
782 2160 890 2224 locum
915 2161 1088 2237 obtineant,
1112 2162 1229 2227 tradita
1251 2167 1327 2228 sunt

163 2266 227 2332 sed
267 2265 360 2332 modo
394 2267 432 2330 ab
466 2267 537 2330 aliis
575 2264 739 2330 codicibus
776 2287 907 2350 prorsus
944 2268 1058 2346 alieno,
1094 2268 1178 2351 quod
1211 2290 1247 2334 er
1279 2272 1325 2334 in-

163 2373 343 2456 scriptione
367 2373 621 2455 uniusouiusque
654 2373 729 2437 libri
761 2373 939 2458 apparebit3
973 2375 1065 2438 uelut
1086 2376 1142 2440 fol.
1168 2377 1223 2440 53b
1246 2378 1324 2443 haec

160 2480 328 2561 adscripta
352 2485 441 2545 sunt:
465 2479 605 2560 Explicit
628 2482 799 2565 questiones
813 2480 919 2546 Exodi
936 2534 943 2547 .
960 2480 1078 2562 Incipit
1099 2482 1265 2549 locutiones
1287 2486 1325 2548 dc

166 2584 288 2650 Genesi
303 2635 310 2649 .
327 2606 389 2669 qua
413 2586 451 2651 de
474 2606 506 2650 re
531 2586 612 2652 cons.
636 2588 674 2651 Α.
694 2587 922 2652 Reifferscheid
946 2588 979 2652 in
1007 2588 1090 2653 Bibl.
1115 2592 1242 2673 patrum
1265 2592 1321 2664 lat,

159 2692 280 2757 Italica
303 2692 334 2755 II
360 2694 378 2755 2
403 2712 474 2776 pag.
500 2694 575 2757 245.
602 2692 699 2757 codex
720 2692 929 2759 Nouarionsis
954 2696 1066 2759 multis
1090 2696 1172 2761 locis
1197 2699 1323 2763 natiuas

159 2799 436 2881 scripturasunus
452 2798 608 2877 seruauit3
634 2799 688 2863 alii
707 2804 815 2865 autom
834 2802 897 2867 loci
921 2803 966 2866 ita
989 2803 1085 2887 longe
1109 2805 1148 2867 ab
1173 2824 1210 2869 ea
1233 2826 1321 2888 prae-

160 2904 289 2970 stantia
304 2906 430 2981 abrunt
445 2908 483 2969 ut
498 2907 694 2989 corruptelae
714 2906 831 2989 quibus
850 2908 969 2973 foedati
989 2912 1066 2973 sunt
1084 2909 1146 2974 nisi
1160 2912 1320 2977 hominem

157 3010 336 3075 barbarum
359 3030 490 3093 prorsus
513 3011 625 3077 rudem
650 3032 757 3077 earum
780 3034 887 3078 rerum
911 3034 988 3097 ques
1018 3016 1188 3100 descripsit
1220 3018 1320 3084 fuisse

157 3118 265 3181 liceat
288 3118 429 3183 conicere
454 3118 603 3201 explicari
627 3122 785 3201 nequeant
802 3170 808 3185 .
824 3121 885 3186 hoo
910 3141 1036 3204 quoqne
1055 3123 1161 3201 habet,
1181 3126 1219 3188 ut
1237 3126 1320 3189 haud

157 3224 212 3287 ita
256 3242 324 3287 raro
363 3224 432 3290 siue
471 3224 596 3308 singula
637 3225 706 3290 siue
739 3227 832 3310 plura
868 3230 1027 3293 uocabula
1066 3229 1177 3295 relicto
1213 3234 1319 3297 tamen

156 3329 356 3412 recipiendis
391 3330 562 3395 sufficienti
596 3332 699 3415 spatIo
734 3333 849 3410 desInt,
874 3336 1168 3417 quamreminde‚
1193 3338 1320 3422 siquid

158 3436 307 3501 diuinare
330 3437 523 3518 permissum
547 3438 600 3508 sit,
625 3438 709 3503 solui
732 3460 827 3522 posse
859 3443 950 3523 puto,
984 3442 1070 3524 quod
1102 3442 1250 3509 librarius
1284 3465 1319 3509 er

157 3543 336 3625 exemplari
369 3542 492 3607 difficili
524 3544 611 3609 lectu
653 3546 834 3611 describens
868 3548 949 3613 alius
984 3548 1103 3614 codicis
1141 3570 1200 3633 ope
1238 3570 1318 3635 quae

155 3648 315 3714 deessent
337 3669 371 3714 se
395 3652 518 3733 explere
542 3670 636 3734 posse
661 3654 847 3735 sperauerit.

210 3756 315 3821 Codex
339 3755 544 3822 Sessorianus
567 3758 677 3823 XXIII
705 3760 759 3841 qui
787 3779 871 3825 nunc
899 3780 1031 3826 numero
1057 3764 1143 3828 1254
1172 3764 1317 3849 signatus
1347 3780 1368 3845 s

155 3864 194 3927 ln
247 3861 443 3928 bibIIotheca
492 3863 654 3929 Nationali
695 3865 835 3931 Vlctoris
877 3868 1094 3934 Emmanuelis
1136 3874 1319 3935 asseruntur

154 3968 251 4035 foliIs
277 3969 384 4033 1-33
417 3968 479 4034 hoc
512 3973 713 4052 oposculum
737 3972 870 4056 reliquis
897 3974 1015 4039 librum
1048 3975 1103 4058 qui
1133 3976 1317 4041 inscribItur

156 4074 376 4153 Quaestiones
403 4075 437 4139 in
459 4075 719 4157 Heptateuchum
741 4078 816 4141 libri
838 4078 900 4142 VII
928 4081 1161 4164 complectitur.
1184 4082 1314 4166 inscrip-

153 4183 284 4246 tionem
307 4182 340 4245 in
363 4181 465 4246 fronte
489 4180 545 4247 fol.
566 4184 582 4246 1
608 4183 683 4247 fert:
709 4174 801 4265 Epic*
816 4188 993 4251 retractutae'o
1016 4188 1204 4251 locutionum
1219 4239 1226 4252 .
1242 4189 1315 4269 c'cip.

152 4288 239 4352 liber
270 4286 427 4351 locutione
456 4286 620 4353 collectura
649 4310 686 4353 cc
717 4290 796 4354 libro
824 4312 983 4373 pernosces·
1016 4294 1233 4377 subscriptum
1265 4300 1315 4359 est

150 4394 215 4459 fol.
243 4394 286 4457 33
310 4392 495 4474 Ecpliciuut
516 4394 682 4461 locutiones
708 4398 794 4479 (locu
817 4418 858 4461 m.
885 4400 904 4462 2
929 4418 965 4463 er
987 4401 1079 4483 ques)
1100 4399 1242 4463 iudicum
1261 4403 1315 4485 proi
