3159 4950
240 466 305 529 414
611 464 638 517 S.
669 464 807 517 Aureli
835 466 1051 534 Augustini

237 662 327 724 tanto
360 660 497 743 amplius
529 661 673 739 mirante,
706 662 791 743 quod
823 660 948 739 accidit,
984 664 1100 744 quanto
1134 662 1235 745 magis
1266 665 1383 738 nosset,

239 786 301 848 quo
324 766 358 831 id
380 768 484 833 animo
509 772 603 851 atque
627 787 679 833 ore
702 770 880 851 protulerit.

284 870 428 952 Quonam
463 874 557 939 modo
594 875 673 940 haec
709 875 781 940 uisa
817 876 848 939 in
887 875 1033 958 spiritum
1071 875 1207 940 hominis
1244 876 1382 953 ueniant,

238 983 346 1045 utrum
368 980 414 1045 ibi
434 982 584 1064 primitus
611 981 787 1047 formentur
819 1002 857 1047 an
885 982 1020 1047 formata
1048 982 1229 1067 ingerantur
1254 986 1286 1047 et
1309 1002 1383 1065 qua-

238 1086 311 1152 dam
334 1089 554 1154 coniunctione
578 1093 753 1166 cernantur,
772 1093 810 1153 ut
828 1090 875 1155 sic
893 1090 1074 1155 hominibus
1094 1091 1198 1175 angeli
1217 1088 1384 1155 ostendant
1415 1109 1429 1151 s

238 1192 447 1276 cogitationes
471 1214 546 1260 suas
569 1198 602 1260 ot
625 1195 836 1278 corporalium
859 1215 964 1259 rerum
989 1195 1223 1273 similitudines,
1248 1215 1326 1277 quas
1350 1197 1382 1259 in

238 1319 296 1364 suo
321 1300 434 1383 spiritu
457 1302 636 1367 futurorum
659 1302 840 1387 cognitione
867 1302 1090 1385 praeformant,
1116 1302 1382 1384 quemadmodum

238 1408 271 1469 et
293 1406 355 1488 ipsi
378 1413 501 1473 nostras
526 1410 734 1494 cogitationes
765 1430 827 1475 non
857 1410 967 1491 utique
991 1408 1104 1486 oculis,
1133 1408 1291 1491 quianon
1316 1428 1381 1474 cor·

236 1529 322 1592 pore.
347 1513 403 1576 sed
426 1514 539 1595 spiritu
563 1515 683 1590 uident,
707 1526 819 1579 uerum
843 1516 903 1579 hoc
921 1515 1058 1592 intersit,
1077 1514 1161 1597 quod
1180 1515 1228 1579 illi
1247 1520 1381 1593 nostras,

237 1616 333 1682 etiam
362 1619 390 1683 si
418 1619 567 1697 nolimus,
596 1624 761 1699 nonerunt,
789 1640 848 1685 nos
876 1625 983 1685 autem
1010 1620 1164 1703 ipsorum,
1193 1620 1254 1685 nisi
1278 1625 1424 1685 osten-1⁰

152 1760 155 1767 -
238 1722 361 1804 dantur,
399 1744 493 1791 nosse
529 1744 591 1791 non
627 1746 800 1811 possumus
825 1727 967 1809 -quia
1003 1727 1049 1793 sic
1087 1746 1150 1805 eas,
1187 1732 1225 1791 ut
1262 1728 1380 1811 opinor,

236 1830 355 1895 habeut
385 1832 418 1896 iu
449 1836 607 1915 potestate
644 1834 803 1899 occultare
841 1834 1039 1917 spiritalibus
1076 1833 1194 1911 modis,
1232 1834 1381 1917 quemad-

236 1936 367 2001 modum
389 1958 447 2003 nos
470 1939 662 2022 quibusdam
693 1940 868 2006 interiectis
902 1942 1077 2007 obstaculis
1105 1945 1213 2006 nostra
1241 1960 1380 2024 corpora,

237 2061 276 2107 ue
304 2044 438 2109 aliorum
467 2046 570 2112 oculis
598 2047 775 2127 uideantur,
800 2048 1025 2113 abscondimus
1049 2085 1093 2093 —
1117 2048 1247 2131 etquid
1270 2048 1326 2111 fiat
1349 2048 1379 2111 in

236 2150 351 2231 spiritu
368 2155 487 2229 nostro,
503 2154 720 2237 utaliquando
740 2154 1145 2221 cernantur'tantummodo
1165 2154 1379 2239 significantes
1400 2170 1426 2209 1⁵

235 2254 390 2340 imagines
418 2258 484 2334 sed,
512 2262 621 2323 utrum
648 2260 768 2343 aliquid
796 2261 985 2345 significent,
1012 2260 1183 2344 ignoretur,
1212 2260 1379 2343 aliquando

236 2364 343 2427 autem
370 2364 495 2447 aliquid
527 2366 705 2449 siguificare
728 2368 912 2445 sentiantur,
938 2367 994 2431 sed
1017 2367 1094 2450 quid
1122 2367 1301 2449 significent
1328 2386 1379 2431 ue·

236 2469 364 2546 sciatur,
379 2472 547 2556 aliquando
562 2493 637 2539 uero
652 2477 815 2557 tamquam
833 2475 972 2566 pleniore
991 2472 1258 2538 demonstratione
1278 2475 1381 2538 anima

236 2577 375 2642 humana
398 2582 430 2643 et
453 2581 567 2663 spiritu
594 2582 681 2663 ipsas
706 2587 738 2646 et
758 2585 867 2646 mente
896 2582 972 2664 quid
1001 2581 1179 2666 significent
1202 2581 1324 2646 uideat:
1349 2585 1381 2646 et

236 2683 317 2748 scire
350 2685 573 2752 difficillimum
607 2692 657 2753 est
690 2691 731 2767 et,
765 2689 793 2752 si
825 2688 887 2754 ianr
922 2693 1069 2766 sciamus,
1099 2688 1251 2752 disserere
1285 2692 1379 2772 atque
1398 2699 1426 2742 ¹⁰

236 2790 391 2872 explicare
414 2794 684 2876 operosissimum.

282 2900 335 2963 23.
360 2898 453 2978 Quod
480 2904 599 2964 autem·
615 2921 698 2968 nunc
724 2902 885 2967 insinuare
914 2902 993 2967 satis
1022 2901 1163 2978 arbitror,
1189 2904 1309 2966 certum
1334 2903 1383 2965 est

236 3025 306 3072 esse
334 3005 510 3089 spiritalem
539 3007 696 3088 quandam
724 3011 871 3072 naturam
897 3007 929 3072 in
958 3008 1059 3084 nobis,
1088 3008 1143 3072 ubi
1172 3007 1382 3091 corporalium

234 3131 339 3177 rerum
362 3112 535 3177 lonnautur
559 3113 795 3190 similitudines,
822 3114 889 3178 siue
910 3134 983 3179 oum
1003 3115 1131 3197 aliquod
1152 3133 1266 3196 eorpus
1286 3132 1382 3178 seusu

236 3219 376 3300 corporis
407 3219 581 3302 tangimus,
615 3223 647 3284 et
679 3221 827 3286 contiuuo
861 3220 1015 3285 formatur
1047 3222 1115 3285 eius
1148 3219 1325 3285 similitudo
1349 3220 1381 3284 in
1400 3231 1427 3274 ’ὅ

190 3325 192 3329 ’
236 3325 349 3409 spiritu
379 3326 595 3410 memoriaque
626 3326 822 3401 reconditum
861 3328 930 3392 siue
968 3346 1040 3392 cum
1075 3327 1220 3392 absentia
1251 3345 1383 3409 corpora

235 3431 298 3495 iarn
331 3436 406 3498 nota
438 3432 633 3516 cogitamus,
666 3437 703 3498 ut
735 3453 770 3498 er
804 3434 849 3498 eis
882 3434 1036 3498 formetur·
1068 3432 1196 3516 quidam
1230 3432 1382 3515 spiritalis

236 3542 395 3622 aspectus,
429 3558 509 3622 quae
541 3539 605 3604 iam
638 3543 728 3604 erant
754 3541 786 3604 in
816 3539 929 3624 spiritu
955 3543 988 3604 et
1011 3545 1179 3622 autequam
1203 3558 1241 3604 ea
1263 3538 1381 3623 cogita-

271 3765 449 3821 ardens
502 3767 666 3838 3quonam]
687 3769 814 3837 quoniam
835 3770 866 3839 (s.
888 3768 904 3824 l.
925 3767 991 3821 add.
1010 3767 1222 3836 m.2alna)E
1291 3755 1383 3837 splP

235 3855 487 3909 bcouiunctionem
505 3855 534 3911 R
606 3855 790 3911 cernenturS
860 3872 919 3924 cop.
938 3855 1009 3911 XLV
1029 3857 1059 3910 E
1124 3855 1329 3910 dsimitudines
1349 3853 1381 3910 S¹

236 3944 314 4012 ques]
333 3943 447 4013 quasiS
499 3945 770 4014 ‘lquernamurodum
783 3943 890 3999 EPRS
942 3942 1384 4014 acorporaa¹1³a¹corporaes

236 4031 269 4085 12
293 4031 528 4100 quemammodum
551 4033 602 4087 ES
691 4035 724 4087 16
748 4033 797 4088 sed
820 4034 932 4102 scripsi:
957 4039 985 4087 et
1003 4033 1049 4088 lib.
1141 4035 1174 4087 17
1194 4032 1381 4087 sentienturb

234 4121 390 4185 nesciantur
406 4123 446 4174 E·
501 4123 533 4175 19
552 4123 581 4176 in
600 4111 686 4192 spui>
758 4123 861 4192 ipsaS
877 4122 979 4177 om.P¹
1052 4127 1080 4176 et
1098 4123 1200 4192 mente]
1219 4119 1384 4176 sementeS

235 4209 267 4263 al
287 4209 388 4279 plicare
406 4210 444 4264 P¹
517 4212 734 4281 operosissimum
755 4213 832 4266 estb
917 4213 952 4265 *22
971 4227 1030 4280 cup.
1050 4210 1136 4264 XLVI
1154 4211 1184 4265 Ε
1252 4226 1323 4264 nunc
1341 4209 1381 4264 R¹

235 4297 271 4350 26
292 4300 492 4369 memoriaquae
516 4299 544 4354 R
651 4298 807 4355 reconditur
836 4301 867 4367 (s.
894 4299 911 4354 l.
935 4318 968 4354 ru.
993 4303 1013 4355 2
1036 4299 1101 4354 add.
1130 4301 1159 4355 al
1185 4297 1329 4366 receditur]

235 4386 269 4439 27
289 4387 420 4456 spiritalis
440 4390 460 4455 (i
478 4389 527 4455 fin.
547 4405 607 4458 sup.
627 4405 717 4458 epos.
738 4406 772 4443 m.
792 4395 816 4458 1)
838 4389 862 4444 S
914 4389 948 4444 28
967 4390 1020 4442 iarn
1040 4388 1126 4444 om.b
