3159 4950
240 457 305 519 204
596 452 621 505 S.
650 449 787 505 Aureli
816 448 1031 518 Augustini

239 646 387 724 hominis,
414 646 478 710 nisi
505 663 685 729 corpoream
715 644 754 709 de
781 644 844 709 isto
869 662 939 709 aere
964 642 1147 707 subiacente
1172 642 1234 707 sihi
1257 662 1293 707 er
1317 658 1381 705 cor·-

238 772 314 835 pore
328 771 397 829 suo,
412 770 474 815 non
491 757 597 816 tamen
617 750 703 833 quod
722 749 863 815 dodisset
881 748 1036 815 sufflando
1056 750 1094 815 de
1114 769 1148 814 se
1166 750 1236 832 ipso
1256 747 1380 812 dedisse

237 866 349 941 putare
373 858 570 934 deberemus,
594 857 652 923 sed
673 856 720 921 ite
743 857 780 921 de
806 856 868 921 sihi
895 856 1039 921 subiecto
1063 874 1133 925 acre
1157 855 1296 937 eorporis
1320 854 1380 930 sui,

238 966 323 1030 sicut
344 964 449 1029 anima
471 964 510 1029 de
534 964 719 1029 huiusmodi
741 983 774 1027 re
799 963 949 1027 similiter
975 963 1147 1038 adiacente,
1176 962 1238 1027 hoc
1261 964 1311 1026 est
1343 960 1381 1025 de

238 1090 377 1153 corpore,
409 1090 471 1136 non
504 1071 543 1135 de
575 1090 610 1135 se
641 1070 712 1154 ipse
743 1070 856 1133 flatum
888 1070 972 1133 facit.
1007 1088 1090 1133 nuno
1122 1087 1197 1133 uero
1223 1067 1380 1149 quianon
1413 1092 1426 1133 s

237 1177 457 1243 tantummodo
490 1176 602 1242 mundi
634 1195 748 1259 corpus
781 1176 840 1242 deo
873 1194 943 1241 esse
967 1174 1131 1241 subditum
1154 1174 1301 1249 dicimus,
1326 1172 1382 1237 sed

237 1284 329 1348 illum
366 1304 436 1349 esse
475 1303 570 1367 supra
606 1302 732 1348 omnem
769 1287 946 1347 creaturam
984 1282 1051 1347 siue
1090 1281 1284 1363 corporalem
1312 1280 1380 1343 siue

236 1390 423 1473 spiritalem,
461 1410 518 1455 nec
551 1389 589 1453 de
625 1409 660 1454 se
687 1390 758 1473 ipso
786 1408 845 1453 nec
873 1388 911 1453 de
940 1388 1097 1472 corporeis
1124 1386 1290 1451 elementis
1318 1404 1380 1450 cre-

237 1496 359 1562 dendus
383 1502 433 1562 est
455 1497 592 1560 animem
614 1496 730 1561 fecisse
754 1495 920 1561 sufflando.

282 1605 313 1667 5.
337 1603 452 1668 Utrum
475 1607 583 1667 eutem
606 1622 643 1667 er
666 1621 714 1680 eo,
738 1602 825 1684 quod
853 1602 980 1667 omnino
1008 1620 1070 1665 non
1088 1586 1176 1678 'erat
1204 1600 1237 1665 id
1271 1606 1321 1664 est
1345 1620 1380 1664 ex
1400 1626 1425 1663 ιο

237 1710 345 1787 nihilo,
379 1730 417 1774 an
451 1729 487 1774 ex
519 1710 625 1791 aliqua
654 1728 699 1787 re,
732 1728 813 1791 quae
845 1708 908 1773 iam
941 1709 979 1771 ab
1008 1708 1065 1771 illo
1089 1708 1173 1771 facts
1197 1706 1382 1788 spiritaliter
1409 1738 1412 1742 ⁴

237 1819 314 1894 erat,
338 1815 395 1881 sed
417 1816 522 1879 anima
543 1815 684 1881 nondum
708 1818 785 1892 eret,
813 1813 926 1879 merito
956 1813 1063 1895 quaeri
1090 1816 1207 1895 potest.
1245 1813 1273 1878 si
1297 1813 1380 1877 enim

237 1922 332 1986 deum
351 1922 454 1986 adhuc
472 1921 592 2003 aliquid
610 1940 648 1986 ex
665 1921 765 1986 nihilo
784 1938 888 1985 creare
908 1939 969 1985 non
989 1919 1157 1992 credimus,
1173 1924 1380 2004 posteaquam

203 2045 205 2049 ’
237 2029 358 2093 creauit
393 2029 499 2094 omnia
535 2028 643 2104 simul,
680 2032 714 2093 et
750 2028 790 2092 ob
823 2028 883 2093 hoc
915 2046 934 2091 a
967 2027 1196 2092 consummatis
1234 2025 1379 2091 omnihus

237 2135 385 2217 operibus
420 2135 616 2216 requieuisse
654 2133 823 2208 credimus,
861 2152 942 2216 quae
979 2134 1143 2198 inchoauit
1178 2133 1291 2205 fecere,
1334 2134 1380 2207 ut,
1400 2162 1426 2201 rs

236 2240 388 2324 quidquid
417 2241 529 2305 deiude
558 2241 685 2316 iaceret,
715 2259 751 2304 ex
778 2240 829 2305 his
856 2240 983 2317 iaceret,
1012 2259 1074 2305 non
1102 2239 1207 2315 uideo,
1232 2237 1380 2321 quemad-

235 2347 366 2413 modum
388 2348 615 2431 intellegamus
638 2347 743 2412 adhuc
766 2366 838 2411 eum
863 2365 899 2409 er
922 2346 1021 2411 nihilo
1046 2345 1167 2410 animas
1191 2345 1303 2409 facere.
1341 2362 1379 2409 an

236 2453 406 2519 dicendum
443 2458 493 2520 est
525 2474 599 2519 eum
625 2453 657 2518 in
685 2454 751 2519 illis
779 2452 907 2536 quidem
940 2452 1088 2536 operibus
1121 2452 1295 2536 primorum
1327 2470 1381 2516 sex

236 2561 357 2626 dierum
384 2562 499 2627 iecisse
527 2561 611 2626 diem
637 2561 731 2626 illum
759 2561 922 2626 occultum
950 2577 997 2637 ao,
1026 2560 1054 2624 si
1081 2559 1140 2624 hoc
1164 2559 1272 2642 potius
1296 2555 1380 2623 crem

236 2671 369 2749 oportet,
394 2667 570 2751 spiritalem
592 2671 689 2750 atque
711 2667 962 2732 intellectualem
986 2669 1140 2742 naturam,
1165 2664 1290 2730 scilicet
1312 2664 1380 2729 uni·
1399 2695 1426 2732 so

235 2774 311 2838 tatis
335 2774 508 2857 angelicae,
537 2776 570 2838 et
597 2772 762 2850 mundum,
785 2773 819 2836 id
843 2776 893 2837 est
925 2774 1049 2838 caelum
1073 2775 1105 2836 et
1128 2775 1255 2848 terram,
1285 2775 1380 2853 atque

234 2880 266 2943 in
298 2880 363 2945 illis
395 2880 459 2944 iam
492 2879 671 2944 extantibus
709 2879 829 2944 naturis
866 2879 1004 2944 rationes
1042 2897 1165 2943 creasse
1202 2877 1380 2942 futurarum

235 2987 369 3050 aliarum
396 2989 590 3064 naturemm
618 3005 679 3050 non
707 2986 794 3069 ipses
823 2988 973 3051 naturas?
1007 2985 1147 3067 alioquin
1181 2984 1208 3049 si
1240 2985 1303 3048 iam
1334 2984 1380 3048 ihi

235 3095 358 3156 creatae
382 3095 499 3167 essent,
523 3096 609 3156 sicut
631 3097 719 3156 erant
740 3091 877 3169 futurae,
901 3111 963 3156 non
988 3091 1091 3156 adhuc
1114 3093 1222 3156 essent
1244 3091 1379 3155 futurae.

235 3199 321 3281 quod
338 3199 367 3264 si
380 3199 426 3264 ita
440 3202 500 3277 est,
515 3199 656 3263 nondum
675 3199 791 3262 eratin
812 3198 948 3263 conditis
967 3198 1062 3263 rebus
1082 3196 1203 3262 animae
1223 3196 1379 3262 humanae
1398 3227 1425 3266 es

235 3308 301 3370 ulla
323 3308 436 3370 natura
458 3309 491 3370 et
513 3309 591 3370 tunc
614 3323 685 3370 esse
709 3305 824 3388 coepit,
844 3323 916 3370 cum
937 3323 1006 3369 eam
1026 3305 1104 3369 dens
1124 3303 1280 3369 sufflando
1304 3303 1380 3368 fecit

234 3415 329 3495 atque
352 3412 467 3477 indidit
488 3412 620 3476 homini.

271 3577 283 3629 l
305 3575 491 3629 subiacent-em
510 3573 534 3629 S
550 3575 708 3640 subiacente
727 3573 884 3628 subiacente
902 3574 933 3628 E
1019 3574 1035 3626 2
1055 3572 1186 3642 dedisset]
1205 3571 1315 3626 fecisset
1334 3571 1379 3626 de·

236 3663 321 3718 disset
333 3663 388 3718 PR
406 3663 517 3717 iecisset
535 3663 708 3732 dedissetque
721 3662 759 3716 od
831 3661 953 3716 sudando
968 3663 1023 3716 ΕΡ
1076 3661 1092 3715 3
1107 3660 1277 3730 deberemus]
1298 3660 1379 3714 deue-

233 3769 323 3807 remus
342 3751 496 3805 uideremus
514 3749 542 3802 P
558 3751 717 3805 deberemus
735 3751 889 3816 uideremus
911 3750 974 3805 (del.
993 3767 1027 3803 cu.
1049 3751 1074 3816 l)
1094 3749 1122 3804 R
1199 3751 1216 3802 o
1236 3766 1264 3803 se
1283 3765 1334 3802 om.
1353 3749 1380 3804 R

234 3842 380 3910 8corpore
398 3839 438 3893 E¹
511 3839 690 3892 elimentisS
730 3837 889 3894 9sullando
908 3837 964 3892 ΕΡ
1005 3839 1037 3891 10
1056 3855 1118 3906 cap.
1137 3837 1161 3888 V
1179 3837 1209 3891 E
1249 3839 1278 3890 ll
1301 3837 1381 3906 quiae

236 3930 257 3994 (i
274 3946 333 3997 exp.
351 3945 386 3984 m.
406 3928 479 3996 1)Ρ
532 3929 565 3981 13
584 3927 688 3997 aliquid
707 3925 838 3982 adhucS
890 3927 1063 3980 lincomb
1120 3926 1153 3978 16
1172 3923 1381 3995 quicquidE²R

235 4015 469 4087 quemammodum
488 4015 571 4071 EPR
645 4017 677 4069 17
696 4033 757 4085 cap.
777 4015 815 4068 vl
834 4017 864 4070 E
936 4016 968 4068 19
988 4015 1064 4068 illum
1084 4014 1155 4068 diem
1174 4014 1266 4070 Plcod
1337 4013 1378 4083 ac]

233 4106 283 4159 huc
301 4105 330 4160 R
385 4105 416 4157 21
437 4103 562 4158 mandit
618 4105 653 4157 22
672 4102 842 4158 exstantibus
855 4103 930 4158 PRd
1000 4104 1121 4156 raciones
1135 4103 1163 4158 R
1217 4103 1252 4156 23
1267 4102 1379 4156 aliarum

234 4211 284 4247 om.
311 4193 350 4247 P¹
456 4196 614 4246 naturarum
638 4209 690 4246 om.
714 4191 789 4247 PRd
891 4197 957 4260 post
980 4190 1101 4259 alioquin
1124 4191 1196 4244 4-5
1221 4190 1273 4244 liit-
1298 4205 1334 4244 er.
1353 4189 1381 4244 R

234 4282 268 4336 24
292 4286 397 4336 creatae
428 4285 453 4347 (e
482 4283 531 4348 fin.
554 4299 576 4334 e.
600 4282 618 4334 l.
644 4281 709 4334 odd.
737 4298 772 4334 cr.
798 4284 823 4342 l)
848 4279 878 4332 Ε
983 4279 1071 4333 odlruc
1096 4282 1123 4346 (u
1148 4295 1180 4333 erc
1203 4296 1218 4331 o
1243 4296 1278 4332 m.
1305 4279 1329 4347 1)
1354 4277 1383 4332 E

233 4372 269 4424 26
288 4370 403 4440 cepitS
474 4369 594 4422 sudando
613 4370 669 4423 ΕΡ
