3159 4950
456 476 1133 537 (11611111111111111111111111111.
1300 484 1365 549 385

261 673 343 738 Nam
367 672 395 737 si
419 674 542 738 eoelum
571 692 757 757 corporeum
779 674 959 756 uidebatur,
984 694 1078 759 quare
1102 678 1232 753 latebat,
1257 680 1364 743 utrum

217 781 374 863 corporeis
407 781 509 845 oeulis
541 780 724 846 uideretur?
757 780 785 846 si
818 784 925 847 autem
958 782 1114 849 incertum
1147 787 1224 863 eret,
1256 788 1365 850 utrum

217 886 320 952 ooulis
353 886 493 971 eorporis
526 906 565 953 on
598 888 713 971 spiritu
744 888 909 954 uideretur
932 926 975 936 -
999 894 1031 955 et
1053 890 1124 955 ideo
1154 891 1363 957 dictumest:

216 993 298 1058 siue
320 994 357 1058 in
381 1012 537 1076 corpore
572 996 662 1059 siue·
683 998 787 1059 extre
821 1014 957 1080 corpus
986 996 1114 1063 neseio
1139 998 1387 1080 -quomodo

185 1118 276 1165 onon
308 1100 466 1165 insertum
498 1104 565 1165 orat
592 1105 625 1165 et
651 1100 742 1175 illud,
770 1104 878 1166 utrum
912 1121 986 1168 uere
1019 1104 1143 1169 coelum
1177 1122 1363 1187 corporeum

214 1206 376 1272 uideretur
399 1226 437 1271 on
455 1206 670 1300 imaginaliter
692 1208 932 1273 ostenderetur?
955 1210 1107 1292 itemque,
1132 1209 1160 1275 si
1184 1211 1365 1277 substantie

213 1313 396 1396 incorporeo
417 1314 594 1391 uidebatur,
614 1314 726 1378 nonin
745 1314 853 1396 aliqua
872 1314 1011 1399 imagine
1032 1318 1182 1398 corporis,
1203 1302 1264 1382 sed*
1278 1318 1365 1383 siout

212 1418 341 1483 uidetur
371 1420 506 1495 iustitio,
540 1420 696 1503 sapientia
723 1423 756 1485 et
783 1420 811 1485 si
840 1420 916 1504 quid
940 1422 1009 1486 eius
1033 1421 1129 1501 modi,
1155 1426 1187 1487 et
1210 1423 1270 1489 hoo
1295 1426 1362 1489 erut

214 1526 353 1603 caelum,
390 1525 425 1589 id
456 1545 583 1609 quoque
615 1527 824 1591 menifestum
863 1530 913 1591 est
949 1527 1051 1593 ooulis
1088 1528 1183 1593 huius
1222 1529 1362 1613 corporis

169 1632 314 1696 inuideri
341 1632 462 1714 aliquid
488 1632 554 1697 tole
582 1651 644 1697 non
667 1651 763 1716 posse
779 1686 786 1699 .
803 1652 840 1697 uo
863 1652 919 1715 per
941 1633 1012 1708 hoo,
1038 1634 1066 1699 si
1090 1634 1211 1717 aliquid
1238 1637 1303 1701 tale
1328 1655 1361 1701 se

212 1738 334 1803 uidisse
371 1739 503 1815 sciebat,
541 1757 602 1805 non
639 1758 696 1822 por
732 1758 848 1823 eorpus
887 1758 920 1804 se
957 1739 1078 1807 uidisse
1118 1740 1262 1807 dubitare
1300 1762 1360 1807 non

211 1848 345 1926 poterat.
380 1845 471 1922 scio,
502 1845 618 1927 inquit,
650 1845 838 1911 hominem
869 1846 905 1911 in
940 1846 1092 1913 Christo
1127 1850 1210 1911 ante
1244 1866 1361 1913 annos

213 1950 616 2033 quattuordecim.hoe
643 1951 723 2017 soie
751 1970 844 2017 nemo
879 1951 1013 2029 dubitet,
1048 1954 1103 2035 qui
1134 1954 1213 2017 mihi
1247 1954 1359 2031 oredit3

212 2058 278 2137 sed,
301 2062 408 2122 utnnm
427 2058 463 2121 in
483 2076 637 2140 corpore
656 2077 695 2122 on
715 2060 820 2122 extra
838 2078 973 2143 corpus
998 2060 1137 2140 nescio,
1156 2061 1249 2126 deus
1274 2062 1360 2127 soit.

168 2175 193 2222 1⁵
256 2166 285 2230 5.
312 2163 394 2243 Quid
424 2184 498 2249 ergo
526 2165 601 2242 sois,
631 2164 715 2248 quod
743 2164 897 2230 discernis
926 2166 965 2230 ab
995 2184 1042 2241 eo,
1072 2166 1156 2249 quod
1180 2168 1296 2243 nescis,
1321 2188 1359 2234 ne

211 2272 375 2337 eredentes
412 2272 582 2339 fallantur?
617 2273 776 2353 raptum,
815 2272 929 2355 inquit,
968 2273 1125 2337 eundern
1169 2274 1358 2339 hominem

209 2380 388 2461 usquein
411 2378 569 2443 tertium
594 2379 749 2444 eaelum.
773 2380 807 2442 st
829 2379 911 2443 illud
935 2380 1057 2444 eaelum
1083 2383 1137 2443 aut
1156 2399 1271 2463 corpus
1292 2384 1359 2446 erat

209 2489 264 2550 eut
296 2486 439 2570 spiritus.
468 2486 497 2550 si
529 2505 644 2570 corpus
677 2488 746 2550 erat
773 2487 807 2549 et
829 2487 986 2569 corporeis
1020 2486 1122 2552 oculis
1156 2487 1264 2553 uisum
1297 2491 1356 2561 ost,

209 2611 264 2657 our
280 2593 362 2656 illud
381 2593 506 2657 eoelum
525 2611 596 2656 esse
615 2592 716 2656 scitur
734 2595 767 2656 et
783 2591 816 2656 in
836 2611 965 2676 corpore
985 2593 1091 2658 uisum
1107 2612 1178 2658 esse
1194 2594 1357 2659 nescitur?

165 2717 191 2756 ιο
207 2699 235 2764 si
258 2702 365 2765 eutem
389 2699 520 2782 spiritus
545 2700 621 2774 erat,
646 2702 702 2762 aut
721 2699 862 2780 eorporis
881 2699 1053 2785 imaginem
1072 2699 1220 2784 praebuit
1239 2703 1354 2766 ettam

205 2807 362 2872 incertum
391 2809 441 2871 est
467 2810 576 2871 utrum
604 2824 719 2888 eorpus
742 2805 849 2882 fuerit,
875 2823 969 2887 quam
992 2805 1150 2870 incertum
1175 2809 1225 2872 ost
1246 2809 1355 2872 utrum

203 2913 235 2977 in
269 2931 398 2996 eorpore
431 2912 538 2976 uisum
571 2911 629 2986 sit;
658 2913 715 2976 out
746 2911 793 2976 sie
826 2911 933 2976 uisum
957 2915 1017 2988 est,
1041 2913 1200 2996 quomodo
1224 2913 1355 3004 uidetur

203 3022 309 3084 niente
329 3018 484 3102 snpientia
502 3019 571 3083 sine
590 3017 666 3082 ullis
684 3017 880 3103 imaginibus
896 3037 1074 3102 corporum,
1095 3020 1127 3084 et
1145 3019 1352 3086 nihilominus

204 3129 325 3190 certum
349 3128 401 3190 est
417 3125 520 3189 uideri
538 3144 601 3189 non
619 3124 765 3208 potuisse
783 3143 840 3207 per
859 3143 973 3208 eorpus
989 3174 997 3189 .
1013 3129 1069 3190 out
1087 3143 1161 3210 orgo
1181 3129 1352 3208 utrumque

160 3251 187 3291 ss
203 3237 324 3298 eertum
344 3235 394 3297 est
412 3235 469 3297 aut
485 3236 656 3314 utrumque
674 3230 833 3296 insertum
853 3235 908 3295 aut
926 3231 1085 3314 quomodo
1110 3234 1242 3308 eertum,
1267 3233 1352 3315 quod

201 3341 309 3404 uisum
333 3339 566 3416 ostimentum
592 3341 709 3415 autem,
733 3357 789 3421 per
813 3339 897 3420 quod
919 3339 1027 3403 uisum
1051 3343 1121 3404 est?
1145 3339 1350 3404 manifestum

202 3450 252 3511 est
274 3446 358 3511 enim
382 3447 598 3528 incorpoream
621 3447 767 3508 naturam
790 3445 828 3508 ab
854 3464 890 3510 eo
913 3443 1017 3510 uideri
1040 3465 1102 3510 non
1125 3446 1271 3528 potuisse
1294 3465 1351 3529 per

200 3571 325 3636 eorpus.
350 3570 481 3636 corporo
497 3569 585 3628 nero,
605 3551 702 3615 etiam
720 3550 748 3615 si
766 3569 829 3616 non
847 3553 980 3635 possent
997 3550 1099 3615 uideri
1118 3551 1187 3616 sine
1207 3571 1347 3634 corpore,

199 3680 261 3725 non
292 3661 405 3743 utique
438 3659 485 3724 sio
516 3657 668 3723 uidentur
698 3676 754 3740 per
786 3675 911 3740 corpus,
946 3657 1003 3722 sed
1035 3657 1129 3741 longe
1157 3656 1212 3722 ille
1242 3656 1349 3742 dispar

154 3766 312 3832 omoous
345 3769 405 3844 est,
430 3765 459 3830 si
491 3765 562 3848 quis
595 3766 654 3828 est.
693 3762 777 3827 unde
800 3763 936 3854 mirum„
963 3762 990 3827 si
1022 3767 1133 3846 posset
1165 3763 1346 3847 apostolum

233 4045 249 4099 3
269 4045 403 4115 corporeis
415 4042 482 4099 Roo
554 4060 587 4097 nn
607 4045 635 4107 (n
653 4059 675 4096 s.
695 4043 713 4095 1.
731 4059 767 4095 m.
785 4045 811 4106 1)
831 4042 859 4096 Ρ
931 4043 964 4098 10
982 4041 1179 4096 non-sciebat
1198 4059 1216 4095 a
1234 4043 1346 4096 1112111

195 4133 297 4188 rasit
366 4133 417 4196 hoc
437 4133 465 4197 (h
485 4149 545 4200 exp.
563 4149 599 4186 m.
618 4129 682 4196 1111
735 4132 765 4185 11
787 4129 933 4200 eorposS¹
989 4132 1022 4186 16
1041 4147 1102 4200 cap.
1124 4131 1232 4185 VIIIE
1301 4131 1344 4185 in·

197 4221 348 4291 quidun
440 4219 529 4290 1111]
550 4218 708 4274 edSetb
799 4218 868 4272 illud
890 4218 918 4286 111
936 4236 996 4290 sup.
1017 4235 1198 4289 ezgmpos.
1217 4236 1251 4274 m.
1271 4219 1344 4286 1)R

196 4309 229 4363 18
248 4309 337 4362 uisum
355 4310 373 4379 (i
394 4325 416 4364 s.
436 4308 454 4361 1.
473 4325 507 4361 m.
526 4313 553 4373 1)
572 4307 603 4362 E
663 4307 696 4362 21
712 4323 759 4376 pr.
779 4311 821 4360 est
840 4323 891 4362 om.
910 4306 949 4361 P¹
1021 4309 1128 4377 corpus]
1151 4307 1179 4371 iu
1199 4323 1295 4376 corpus
1314 4307 1345 4361 E

194 4397 228 4449 22
248 4396 297 4465 sic]
316 4397 338 4450 si
357 4395 373 4448 b
455 4395 491 4450 23
509 4394 707 4448 nihilhominus
726 4395 750 4448 S
829 4394 864 4448 28
883 4411 936 4448 non
954 4396 1078 4464 possent]
1097 4399 1211 4466 possunt
1229 4394 1343 4450 PRde

247 4520 350 4559 xxvnl.
366 4521 426 4568 Aug.
441 4524 496 4559 sect.
510 4518 545 4558 111
559 4529 612 4568 pore
627 4522 646 4558 1.
1234 4501 1269 4554 25
1295 4499 1299 4506 “
