3159 4950
216 422 280 484 104
590 418 616 471 S.
645 417 781 471 Aureli
809 417 1026 486 Augustini

215 611 352 688 dicebat,
377 614 410 676 et
431 607 577 675 fiebant?
611 611 657 675 ita
685 613 802 694 quippe
830 629 889 676 neo
916 611 1011 676 homo
1035 611 1169 690 laborat,
1195 613 1221 678 ei
1245 615 1365 697 aliquid

216 719 408 794 faciendum,
432 737 504 782 mox
526 720 565 782 ut
587 717 711 795 dixerit,
734 718 799 783 fiat.
828 718 976 800 quamuis
1000 719 1084 783 enim
1109 719 1248 786 bumana
1270 723 1367 786 uerba

216 826 303 892 sonis
327 824 556 890 adminiculata
578 825 625 889 ita
642 824 853 908 proferantur,
872 830 909 888 ut
929 845 1033 890 sermo
1053 826 1223 892 diuturnus
1240 827 1366 912 fatiget,

215 934 334 1009 tamen,
359 951 433 996 cum
456 933 523 994 tem
545 949 648 1013 pauca
666 933 753 1007 sunt,
773 951 868 1012 quam
887 950 989 1014 pauca
1006 931 1145 1016 legimus
1162 933 1194 998 in
1215 953 1262 1012 eo,
1282 935 1366 1017 quod

221 1039 377 1123 scriptum
401 1042 462 1118 eet,
488 1058 561 1103 curn
585 1037 665 1102 deus
685 1037 782 1102 dixit:
807 1039 972 1118 diablus,
996 1039 1068 1104 fiat
1090 1039 1368 1105 firmamentum
1399 1069 1413 1110 a

218 1150 250 1212 et
268 1148 375 1211 cetere
392 1165 495 1228 usque
513 1146 546 1209 in
565 1143 661 1210 finem
680 1163 823 1227 operum,
843 1157 923 1227 quae
943 1147 1031 1210 serto
1052 1145 1102 1210 die
1121 1147 1367 1216 consummabit.

217 1252 314 1318 nimis
338 1252 468 1318 absurdi
492 1250 694 1316 deliramenti
716 1253 767 1315 eet
789 1251 889 1316 istum
912 1252 967 1316 uel
991 1253 1140 1330 hominis,
1165 1253 1284 1318 nedum
1307 1253 1368 1331 dei,

217 1359 359 1423 laborem
382 1362 505 1442 putare.

262 1465 311 1530 Αιι
343 1465 426 1530 forte
458 1465 530 1547 quie
564 1464 678 1528 dixerit
710 1463 842 1528 dicendo
876 1463 1018 1547 quidem,
1056 1468 1094 1529 ut
1125 1464 1250 1542 fierent,
1289 1483 1367 1548 quae

218 1571 368 1637 continuo
391 1571 479 1636 facta
501 1574 585 1648 eunt,
612 1570 707 1635 deum
730 1590 793 1636 non
817 1570 991 1650 laborasse,
1012 1571 1069 1636 sed
1087 1571 1169 1638 forte
1189 1572 1368 1656 cogitando,
1384 1601 1411 1640 ro

220 1678 297 1760 quid
315 1678 384 1742 fieri
402 1677 577 1755 debuisset,
593 1697 657 1762 qua
675 1697 751 1742 cura
769 1678 861 1743 uelut
879 1678 1033 1742 liberatus
1052 1698 1157 1749 rerum
1176 1679 1369 1762 perfectione

219 1785 415 1866 requieuerit
442 1786 474 1849 et
504 1803 542 1848 eo
570 1785 683 1850 merito
713 1784 808 1860 diem,
841 1804 903 1866 quo
936 1785 1074 1867 primum
1106 1785 1212 1850 factus
1242 1787 1301 1862 est,
1329 1785 1368 1850 ab

220 1891 280 1956 hac
303 1891 401 1955 animi
422 1891 599 1956 intentione
623 1910 755 1956 securus
783 1891 970 1956 benedicere
999 1895 1032 1956 et
1059 1892 1256 1957 sanctificare
1278 1891 1369 1958 uolu-

223 1997 307 2064 erit?
331 1997 446 2079 quodsi
470 1999 547 2062 haec
571 2017 680 2081 sapere
702 1997 842 2062 multum
867 1997 1010 2081 desipere
1034 2001 1144 2064 eet-
1163 2017 1267 2063 rerum
1288 1997 1370 2063 enim

223 2103 458 2169 condendarum
490 2108 555 2168 tarn
589 2105 725 2169 facultas
759 2124 855 2188 quarn
886 2105 1024 2171 facilites
1061 2105 1307 2189 inconparabiiie
1340 2109 1372 2169 et
1390 2131 1415 2173 1⁵

190 2209 395 2282 9ineffabilis
428 2214 479 2276 ert
510 2212 595 2294 apud
628 2212 723 2277 deum
751 2249 796 2258 -
825 2211 901 2294 quid
927 2214 1037 2290 restat,
1066 2215 1104 2278 ut
1134 2211 1370 2296 intellegamus,

223 2317 286 2382 nisi
309 2319 391 2383 forte
415 2321 577 2383 creaturae
604 2317 763 2394 rationali,
792 2318 824 2381 in
853 2337 915 2401 qua
944 2321 976 2382 et
999 2318 1160 2382 hominem
1185 2319 1315 2395 creauit,
1339 2320 1369 2382 in

224 2443 258 2488 ee
282 2424 351 2507 ipso
375 2425 518 2507 requiem
541 2425 727 2509 praebuisse
750 2427 825 2508 post
843 2425 913 2491 eius
932 2424 1160 2508 perfectionem
1179 2445 1235 2509 per
1254 2425 1372 2492 donum

225 2531 355 2613 spiritus
375 2533 488 2608 sancti,
502 2552 558 2615 per
573 2552 666 2615 quern
682 2531 871 2597 diffunditur
889 2532 1005 2597 ceritas
1023 2532 1054 2596 in
1076 2533 1225 2598 cordibus
1244 2534 1371 2607 nostris,

225 2643 262 2702 ut
279 2638 358 2704 illuc
376 2640 516 2703 feramur
533 2638 678 2722 adpetitu
698 2637 857 2715 desiderii,
876 2657 939 2721 quo
959 2657 1032 2703 cum
1051 2640 1233 2704 uenerimus
1251 2639 1372 2721 requie·
1389 2662 1418 2703 ro

123 2739 128 2748 '
226 2764 365 2825 scamus,
394 2746 427 2809 id
456 2746 614 2811 estnihil
641 2746 778 2829 amplius
806 2744 1032 2829 requiramus?
1065 2746 1150 2811 sicut
1177 2746 1260 2811 enim
1287 2748 1372 2811 recte

227 2853 345 2918 dicitur
367 2852 446 2917 deus
469 2851 584 2930 facere,
603 2852 757 2936 quidquid
774 2853 846 2935 ipso
865 2852 1007 2918 innubis
1027 2856 1175 2937 operante
1193 2852 1372 2935 fecerimus,

226 2962 273 3026 ita
298 2962 384 3026 recte
414 2960 531 3028 dicitur
557 2959 637 3025 deus
664 2959 873 3042 requiescere,
898 2978 971 3025 cum
999 2960 1068 3026 eius
1095 2980 1224 3025 munere
1252 2960 1374 3043 requie·

227 3066 357 3132 scimus.

275 3174 345 3238 Hoc
369 3173 498 3256 quidem
520 3178 606 3239 recte
633 3174 864 3259 intellegimur,
893 3174 968 3257 quia
995 3178 1028 3239 et
1049 3194 1161 3239 uerum
1186 3177 1236 3239 eet
1259 3176 1292 3239 et
1313 3192 1374 3238 non
1394 3196 1421 3235 rs

229 3300 363 3365 magnae
385 3280 572 3345 intentionis
593 3281 729 3365 indiget,
753 3284 791 3345 ut
818 3281 986 3347 uideamus
1014 3282 1060 3346 ite
1088 3280 1150 3345 dici
1178 3280 1374 3363 requiescere

319 3490 336 3543 5
355 3488 422 3545 Gen.
443 3490 468 3551 1,
487 3490 511 3544 3.
531 3490 548 3543 6
605 3489 637 3543 19
657 3489 690 3543 cf.
708 3489 785 3543 Rom.
805 3490 830 3556 5,
850 3490 866 3543 5

268 3614 280 3666 l
296 3620 362 3682 post
381 3612 491 3667 dicebat
509 3612 574 3666 add.
593 3614 661 3667 fiunt
671 3612 742 3669 Pur>
815 3614 844 3665 et
854 3611 958 3665 fiebant
972 3627 1023 3665 our.
1036 3610 1089 3664 PR
1144 3612 1161 3665 5
1176 3609 1245 3664 dixu
1257 3610 1323 3664 deus
1336 3609 1375 3664 St

231 3703 247 3755 6
267 3703 438 3756 cousumauit
451 3702 479 3757 R
533 3703 548 3755 7
568 3699 798 3756 deliberaruenftis
810 3700 838 3753 P
855 3700 1046 3755 delerameutis
1059 3698 1099 3754 R¹
1170 3699 1242 3753 iuter
1259 3698 1375 3753 hominia

231 3796 257 3845 et
274 3791 373 3846 nedum
393 3791 458 3844 add.
478 3795 580 3861 quanto
599 3791 722 3860 magist
806 3789 918 3859 nedum]
937 3792 1038 3859 quanto
1057 3787 1189 3859 magieS
1260 3789 1290 3843 ll
1312 3788 1376 3857 qua]

232 3897 301 3950 quae
319 3882 359 3934 E¹
450 3880 526 3934 uelut
546 3896 609 3933 cura
627 3879 643 3933 b
711 3880 744 3933 12
764 3880 929 3949 requieuerit
946 3880 987 3949 (er
996 3896 1018 3933 e.
1033 3878 1051 3933 1.
1065 3894 1099 3931 m.
1116 3878 1142 3945 l)
1160 3878 1190 3931 E
1205 3878 1342 3947 requierit
1360 3878 1376 3931 b

232 3968 318 4038 primo
337 3967 429 4023 Pacu
483 3968 517 4021 14
535 3967 559 4021 si
576 3967 644 4021 haec
662 3968 748 4022 obab
805 3968 839 4023 15
858 3969 896 4037 et]
916 3970 999 4037 atque
1017 3965 1133 4023 PRde
1187 3967 1221 4021 16
1239 3970 1307 4038 aput
1323 3966 1379 4021 BP

233 4072 294 4111 cum
311 4072 377 4110 uoce
395 4055 461 4125 quid
479 4055 578 4124 1111111
597 4072 657 4125 cap.
676 4056 692 4108 9
710 4055 743 4108 1-1
761 4054 798 4109 od
866 4054 899 4109 18
918 4053 1058 4126 prebuisse
1077 4054 1101 4109 S
1165 4055 1200 4109 20
1218 4054 1336 4109 feramur
1354 4056 1378 4123 (r

232 4145 281 4211 fin.
301 4160 362 4212 cup.
381 4159 441 4211 exp.
459 4161 472 4197 s
491 4159 526 4196 m.
547 4144 573 4211 l)
592 4142 623 4196 Ε
696 4141 820 4212 adpetitu
837 4143 879 4197 Ε1
955 4144 1026 4213 curn]
1044 4141 1152 4198 dumS
1225 4144 1378 4213 perueneri-

233 4248 293 4287 mus
311 4232 398 4287 Pb'bd
468 4232 502 4285 22
522 4231 651 4302 quicquid
667 4230 762 4287 E²RS
830 4231 920 4286 inobie
938 4230 976 4287 Ρι
1048 4232 1083 4285 23
1100 4235 1189 4287 rectae
1207 4231 1235 4287 R
1311 4232 1378 4287 deus

235 4320 369 4375 dicitnrb
424 4322 459 4375 26
477 4338 576 4391 magna
594 4321 781 4375 intentioueb
853 4322 909 4375 iata
927 4320 966 4375 E¹
1038 4318 1097 4376 dioc
1115 4321 1146 4375 E
1161 4320 1284 4379 dicereb
