3159 4950
351 435 354 443 ¹
425 469 467 521 da
495 466 638 522 Generi
666 468 709 521 ad
736 467 919 521 litteram
948 466 1012 521 lib.
1042 466 1102 520 VII.
1264 470 1326 534 207

186 684 241 730 cur
263 686 325 731 non
349 664 496 730 credatur
519 665 566 730 sic
589 666 620 728 in
640 664 696 728 illa
714 662 856 739 materie,
872 662 909 727 de
930 680 991 744 qua
1009 663 1093 727 facta
1108 664 1167 741 est,
1184 662 1329 745 quietum

185 772 285 837 luisse
307 755 431 836 motum
455 772 551 836 etiam
574 769 742 844 sentiendi,
762 770 848 834 sicut
865 768 896 833 in
916 769 980 833 ista
997 768 1145 842 infantili,
1166 788 1246 850 quae
1265 769 1328 832 iam

186 882 270 945 certe
285 879 392 943 anima
406 882 457 943 est
470 878 618 955 bominis,
635 878 762 961 quietus
783 878 835 940 est
853 875 956 940 adbuc
975 877 1081 940 motus
1100 874 1329 940 ratiocinandi?

229 986 260 1049 8.
283 983 367 1048 Nam
394 982 422 1048 si
449 984 514 1047 iam
543 983 635 1049 beata
662 986 731 1049 crat
757 984 834 1059 uite,
864 984 902 1049 de
927 1002 988 1066 quo
1011 982 1095 1047 facta
1118 986 1168 1047 est
1191 982 1329 1047 bominis

154 1090 299 1171 ranima,
323 1088 463 1153 deterius
487 1107 561 1173 ergo
584 1089 668 1153 iacta
696 1093 755 1167 est,
780 1094 813 1154 et
835 1088 907 1154 ideo
930 1088 1078 1153 uoniam
1102 1088 1159 1152 illa
1181 1087 1329 1152 materies

185 1197 291 1271 huius,
315 1195 372 1261 aed
394 1194 483 1260 illius
505 1194 570 1259 ista
597 1194 731 1260 defluxio
761 1199 820 1261 est.
849 1214 920 1259 narn
950 1194 1097 1260 materies
1121 1195 1232 1277 aliqua
1256 1212 1328 1259 cum

185 1303 346 1376 formatur,
372 1302 558 1384 praesertim
582 1320 602 1365 a
623 1302 692 1378 deo,
725 1302 757 1367 in
790 1302 906 1367 melius
939 1301 1006 1367 sine
1040 1300 1237 1366 dubitatione
1269 1300 1330 1364 for·

186 1412 297 1474 matur.
318 1408 375 1475 sed
398 1410 494 1473 etiam
517 1409 545 1473 si
568 1409 757 1491 cuiusquam
780 1409 812 1473 in
838 1408 943 1491 aliqua
966 1407 1162 1472 beatitudine
1185 1406 1287 1472 iactae
1312 1426 1330 1470 a

186 1516 244 1581 deo
276 1516 363 1581 uitae
394 1515 528 1581 defluxio
560 1514 665 1580 anima
696 1515 836 1579 humana
866 1518 977 1597 posset
1009 1512 1164 1597 intellegi,
1198 1531 1254 1577 nec
1283 1512 1329 1577 sic

142 1648 168 1687 ao
186 1621 340 1687 credenda
363 1626 430 1686 erat
451 1640 523 1687 esse
546 1621 690 1704 coepisse
707 1622 740 1686 in
759 1622 866 1704 aliquo
890 1624 964 1685 actu
986 1621 1168 1685 meritorum
1188 1638 1329 1693 suorum,

186 1728 311 1794 nisiex
339 1748 401 1811 quo
428 1727 587 1812 propriam
615 1728 720 1810 coepit
746 1746 840 1812 agere
869 1728 979 1803 uitam,
1008 1726 1084 1791 dum
1112 1726 1216 1789 anima
1247 1725 1332 1790 lacta

187 1838 236 1899 eet
266 1836 410 1899 animans
442 1853 567 1899 carnem
599 1839 632 1899 et
664 1834 734 1899 eius
770 1836 917 1899 sensibus
956 1835 1048 1897 uelut
1084 1831 1204 1897 nuntiis
1236 1834 1330 1896 utens

187 1945 282 2025 alque
304 1942 337 2006 in
360 1960 395 2006 se
417 1941 488 2024 ipsa
511 1960 545 2005 se
568 1940 677 2005 uiuere
700 1940 840 2006 sentiens
868 1960 926 2005 sua
954 1941 1130 2017 uoluntate,
1154 1938 1329 2014 intellectu,

186 2049 345 2114 memoria.
367 2048 396 2113 si
414 2048 498 2113 enirn
517 2051 568 2113 est
585 2047 715 2129 aliquid,
734 2048 818 2113 unde
836 2047 931 2112 istam
951 2046 1159 2111 defluxionem
1179 2045 1331 2109 formatae

144 2184 170 2222 rt
187 2154 272 2220 carni
308 2154 386 2219 dous
422 2155 598 2238 inspiraret,
635 2158 799 2237 tamquam
836 2152 990 2218 sufflando
1028 2152 1164 2217 animam
1199 2150 1330 2225 sacione,

186 2260 333 2342 idemque
361 2260 490 2326 beatum
520 2265 579 2339 est,
607 2260 696 2325 nullo
724 2260 819 2325 modo
847 2262 996 2325 mouetur
1023 2260 1080 2321 aut
1107 2260 1249 2321 mutatur
1276 2258 1332 2319 aut

100 2366 119 2429 9
187 2368 307 2432 amittit
332 2366 464 2449 aliquid,
492 2386 565 2431 cum
592 2367 654 2433 hoc
682 2367 721 2431 ab
749 2386 786 2432 eo
815 2366 935 2441 defluit,
960 2364 1044 2429 unde
1067 2362 1239 2428 animarit.
1269 2380 1330 2427 non

187 2478 238 2540 cst
259 2475 343 2540 onim
367 2493 492 2558 corpus,
515 2479 553 2539 ut
574 2478 738 2557 tamquam
761 2471 935 2539 exhalando
958 2472 1129 2537 minuatur.

231 2581 265 2647 Si
288 2584 395 2646 autem
418 2581 525 2646 anima
550 2581 748 2647 inrationalis
775 2579 924 2645 materies
948 2582 1000 2644 est
1021 2576 1267 2660 quodammodo,
1291 2575 1330 2640 de

142 2719 170 2756 so
187 2708 250 2771 qua
280 2689 317 2752 tit
348 2688 453 2754 anima
483 2688 658 2764 rationalis,
690 2689 723 2752 id
756 2692 807 2752 est
842 2687 991 2764 bumana,
1020 2703 1130 2750 rursus
1159 2682 1329 2766 quaeritur,

188 2795 283 2860 etiam
315 2798 385 2878 ipsa
416 2794 612 2861 inrationalis
643 2795 726 2860 unde
758 2795 824 2872 fiat,
858 2793 932 2876 quia
964 2795 997 2858 et
1026 2792 1130 2874 ipsam
1163 2809 1223 2855 nou
1253 2789 1331 2854 t'acit

188 2903 250 2968 nisi
273 2906 394 2968 creator
417 2902 559 2968 omnium
583 2908 776 2967 naturarum.
798 2922 836 2966 an
860 2901 916 2965 illa
938 2900 977 2965 de
1000 2898 1131 2964 materie
1155 2895 1331 2980 corporali?

188 3028 244 3074 cur
270 3028 332 3074 non
361 3028 435 3094 ergo
465 3012 497 3074 et
524 3009 609 3076 ista?
637 3008 697 3073 nisi
729 3009 811 3072 iorte
844 3007 928 3090 quod
960 3006 1053 3072 uelut
1079 3003 1234 3086 gradatim
1263 3002 1331 3066 fieri

188 3115 372 3182 conceditur
403 3115 578 3199 conpendio
611 3133 705 3198 posse
739 3115 834 3179 deum
862 3115 965 3179 lacere
992 3111 1162 3196 quisquam
1190 3109 1329 3193 negabit.

142 3251 170 3291 aa
187 3221 315 3306 proinde
330 3221 492 3304 quaelibet
504 3221 693 3286 adhibeatur
704 3220 915 3304 interpositio,
935 3218 964 3283 si
981 3236 1095 3300 corpus
1115 3217 1165 3280 est
1182 3214 1331 3278 materies

188 3329 310 3392 animae
333 3327 529 3393 inrationalis
558 3329 591 3392 et
614 3325 718 3391 anime
740 3326 937 3392 inrationalis
963 3328 1012 3389 est
1035 3322 1184 3387 materies
1209 3321 1330 3384 animae

187 3434 361 3512 rationalis,
384 3434 497 3517 procul
519 3432 616 3498 dubio
640 3451 754 3516 corpus
779 3435 829 3498 est
851 3431 998 3496 materies
1019 3429 1140 3494 animae
1158 3427 1330 3492 rationalis.

188 3540 272 3624 quod
299 3539 457 3604 neminem
486 3559 638 3622 umquam
661 3539 727 3605 scio
751 3558 866 3604 ausum
889 3557 960 3603 esse
984 3537 1110 3613 sentire,
1134 3533 1198 3600 nisi
1222 3533 1276 3614 qui
1300 3537 1332 3597 et

187 3648 291 3731 ipsam
314 3648 452 3712 animam
476 3646 601 3712 nonnisi
623 3646 655 3710 iu
679 3665 794 3730 genere
819 3645 954 3710 alicuius
979 3644 1118 3728 corporis
1141 3641 1241 3724 pouit.

225 3837 384 3893 leredatur
402 3837 508 3904 dicatur
526 3837 565 3890 Ρ1
635 3839 665 3890 in
689 3853 741 3892 om.
759 3835 800 3892 Ε1
871 3837 999 3898 materies
1018 3837 1048 3894 Ε
1068 3834 1199 3894 materiae
1219 3829 1251 3885 8¹
1275 3845 1331 3883 rna-

186 3927 272 3982 teriae
290 3926 318 3980 P
387 3925 461 3980 iacta
479 3926 532 3994 est]
549 3925 623 3980 facta
641 3927 685 3978 est
703 3925 794 3978 aalma
812 3923 904 3978 Peos
975 3923 1102 3979 Sisciae
1123 3925 1147 3983 (s
1176 3920 1194 3974 l.
1213 3936 1247 3972 m.
1268 3919 1284 3971 2
1303 3919 1332 3972 al

189 4020 215 4082 a)
233 4015 264 4070 Ε
279 4014 409 4069 lacteoli
480 4013 613 4068 9deillxo
631 4013 672 4068 12¹
743 4013 873 4082 possit&
926 4013 959 4066 13
978 4012 1066 4082 adque
1085 4009 1158 4066 E¹S¹
1249 4006 1331 4061 intel·

187 4104 260 4158 lectu
277 4104 305 4157 P
359 4104 391 4157 15
410 4102 532 4157 autlando
546 4102 577 4156 E
638 4103 671 4156 17
690 4101 857 4156 demiluitE
926 4117 986 4156 eum
1003 4117 1070 4156 uoce
1087 4115 1140 4154 non
1159 4096 1258 4164 incipit
1271 4111 1331 4163 cop.

188 4193 255 4246 aaa
271 4191 310 4247 bd
362 4192 397 4246 18
416 4192 546 4247 exulando
563 4191 656 4248 E¹RS
714 4193 746 4246 19
765 4208 825 4260 cap.
843 4189 883 4244 XI
901 4192 931 4245 E
986 4191 1021 4246 20
1040 4189 1068 4244 id
1087 4189 1141 4257 est]
1161 4185 1232 4247 idern
1252 4189 1331 4252 (eurr.

188 4297 222 4334 m.
244 4280 313 4347 1>s
364 4280 400 4334 22
418 4281 548 4334 materiae
566 4279 616 4334 PS
672 4281 706 4335 23
725 4279 808 4334 uelud
827 4279 860 4334 8²
919 4281 954 4333 24
972 4277 1085 4348 negauit
1103 4277 1142 4331 Ε1
1160 4274 1281 4345 negabat
1299 4272 1332 4327 8²

154 4398 157 4402 '
188 4396 224 4448 25
234 4395 357 4466 qualibet
370 4396 435 4452 PR¹
471 4397 506 4450 27
520 4394 886 4467 procul-rationaliaom.S
919 4396 954 4449 29
970 4359 1104 4464 αΙὶοιιίᾳῗὶφ
1124 4401 1204 4460 (corr.
1217 4408 1250 4444 m.
1268 4391 1293 4456 1)
1307 4389 1335 4442 P
