3159 4950
263 472 328 535 490
429 466 456 520 S.
480 464 595 519 Aureli
618 463 803 534 Augustini
827 462 865 516 de
889 461 1011 517 Genesi
1034 462 1073 517 ad
1096 460 1250 515 litteram

263 663 317 727 alii
345 663 400 747 qni
426 680 488 727 uon
517 659 644 738 habent,
674 658 731 725 sed
759 662 866 723 101000
893 659 1005 741 pennis
1027 659 1183 723 nituntur.
1216 658 1272 741 qui
1303 664 1410 725 utum

261 770 346 835 inter
366 768 512 835 uolatilia
534 767 594 833 hoo
617 767 689 832 loco
714 765 902 831 numerandi
924 765 991 831 sint
1013 765 1151 830 dubitari
1173 768 1291 849 potest.
1337 786 1410 832 nam

263 876 379 960 etipsa
396 874 541 940 uolatilia
560 892 616 938 our
634 872 726 956 aquis
744 872 903 951 tribuerit,
922 891 984 939 non
1003 872 1078 948 aeri,
1096 872 1249 937 nonnulla
1267 874 1409 955 quaestio

262 986 322 1048 est.
345 1002 407 1048 non
432 982 516 1046 enim
539 980 597 1045 has
616 998 693 1045 anes
713 982 839 1044 tantum
856 979 910 1044 hic
928 980 1073 1062 accipere
1090 998 1275 1061 possumus,
1294 979 1410 1062 quibus

262 1107 363 1171 aquae
389 1088 561 1152 familiares
590 1088 675 1165 sunt,
704 1087 815 1167 quales
844 1088 921 1151 sunt
948 1085 1051 1169 mergi
1073 1088 1107 1150 et
1129 1087 1238 1150 000100
1263 1088 1296 1150 01
1318 1104 1411 1168 qnae·
1440 1104 1453 1143 a

263 1214 399 1279 cumque
431 1194 528 1259 huins
559 1192 656 1258 modi.
689 1211 762 1257 nam
795 1194 824 1257 si
856 1192 895 1257 de
927 1192 978 1258 his
1010 1195 1136 1257 tantum
1169 1192 1313 1269 dixisset,
1349 1211 1411 1258 uon

262 1302 527 1387 praetermitteret
559 1300 620 1365 alio
651 1300 724 1365 loeo
758 1300 797 1363 de
829 1300 903 1365 aliis
937 1299 1051 1365 auibus
1079 1299 1194 1376 dicere,
1222 1300 1307 1365 inter
1332 1319 1411 1384 quas

263 1410 432 1474 nonnullae
460 1426 563 1489 usqne
592 1406 669 1471 adeo
699 1406 737 1471 ab
768 1406 860 1490 aquis
888 1409 1028 1471 remotae
1056 1409 1143 1484 suut,
1170 1409 1275 1472 utne
1301 1405 1413 1471 bibant

263 1515 402 1599 quidem.
427 1514 489 1579 nisi
512 1514 593 1578 forte
616 1512 716 1577 istum
741 1532 845 1578 aerem
867 1512 960 1578 terris
984 1513 1181 1597 contiguum,
1205 1512 1412 1595 quoniamae

263 1621 430 1687 humidum
464 1620 559 1686 etiam
591 1619 806 1685 serenissimis
837 1618 986 1685 noctibus
1017 1638 1087 1685 rore
1118 1622 1266 1698 testatur,
1298 1637 1413 1703 aquam
1431 1640 1455 1677 ro

263 1728 403 1805 uocauit,
437 1727 511 1811 qnia
538 1726 625 1791 etin
648 1726 764 1791 nubem
799 1726 933 1810 cogitur.
966 1726 1068 1791 nubes
1101 1729 1207 1791 antem
1240 1744 1322 1810 aqua
1352 1728 1412 1816 est,

264 1833 349 1916 quod
372 1852 481 1899 omues
506 1832 658 1909 sentiunt,
679 1832 796 1913 quibus
816 1831 1413 1917 0001101110000111001010001110

265 1942 319 2006 nel
346 1941 443 2007 etiam
469 1940 502 2005 in
531 1940 651 2023 campis
679 1938 763 2004 inter
790 1940 922 2004 nebulas
949 1939 1121 2005 ambulare.
1150 1940 1183 2005 iu
1210 1940 1272 2006 hoc
1295 1939 1412 2023 quippe

266 2066 336 2112 aere
350 2048 459 2113 uolare
473 2065 549 2111 aues
565 2045 723 2111 (110001οτ.
743 2065 817 2111 000
836 2046 868 2110 10
885 2046 942 2112 ilio
962 2045 1146 2111 sublimiore
1161 2048 1258 2129 atque
1276 2046 1412 2128 puriore,

266 2154 321 2235 qui
343 2172 418 2219 uere
443 2172 495 2217 aer
518 2152 556 2217 ab
581 2153 728 2218 omnibus
753 2154 933 2236 appellatus
956 2156 1017 2231 est,
1040 2155 1217 2235 nequeunt3
1241 2170 1303 2217 non
1328 2152 1413 2217 enim
1430 2169 1454 2208 1⁵

266 2278 375 2325 earnm
406 2259 531 2342 pondus
563 2260 720 2323 tenuitate
753 2277 812 2324 sua
844 2258 994 2325 sustinet.
1025 2258 1059 2323 in
1086 2259 1144 2322 illo
1172 2262 1279 2323 00100
1312 2276 1413 2341 neque

266 2366 365 2431 nubes
389 2383 591 2432 concrescere
611 2368 797 2431 asseruntur
814 2384 874 2431 nee
892 2364 1014 2447 aliquid
1031 2366 1245 2448 procellosum
1264 2364 1411 2430 existere:
1454 2368 1460 2377 '

267 2475 382 2556 quippe
414 2472 471 2538 ubi
502 2476 619 2539 uentus
652 2472 730 2540 adeo
763 2474 871 2538 nullus
905 2476 965 2552 est,
998 2475 1035 2538 01
1065 2472 1098 2538 10
1131 2470 1252 2538 uertice
1284 2470 1411 2557 Olympi

265 2581 393 2658 montis,
408 2581 464 2664 qui
479 2581 582 2664 spatia
595 2579 690 2645 huius
705 2579 830 2644 humidi
848 2579 929 2645 aeris
948 2579 1096 2646 excedere
1115 2579 1242 2658 dicitnr,
1258 2579 1413 2662 quaedam

187 2699 190 2706 ·
265 2687 389 2753 litterae
420 2686 453 2751 in
485 2687 616 2770 puluere
650 2687 752 2752 solere
783 2685 851 2750 lieri
882 2685 1108 2768 perhibeantur
1134 2689 1167 2751 et
1193 2689 1269 2769 post
1294 2705 1411 2752 anuum
1428 2705 1452 2744 a

263 2791 406 2876 integrae
429 2783 524 2876 atque
547 2793 685 2859 inlaesae
708 2791 845 2859 inueniri
863 2793 901 2856 ab
921 2793 982 2871 his,
1002 2792 1057 2876 qni
1076 2793 1275 2858 sollemniter
1292 2813 1410 2861 memo

263 2902 368 2964 ratum
390 2904 532 2966 montem
556 2899 779 2966 ascendebant.
885 2961 890 2970 .

309 3004 507 3090 Quapropter
523 3026 585 3072 non
605 3005 741 3072 absurde
765 3005 937 3072 existimari
954 3010 1062 3090 potest
1079 3008 1313 3076 fi1mamentnm
1332 3011 1411 3078 caeli

263 3113 295 3177 10
323 3113 490 3196 scripturis
518 3113 635 3179 diuinis
663 3133 764 3197 usque
788 3114 827 3179 ad
851 3114 929 3180 haee
955 3114 1059 3199 spatia
1085 3117 1203 3194 uocari,
1230 3119 1270 3183 01
1296 3120 1330 3184 01
1355 3119 1409 3184 ille

264 3236 316 3282 aer
332 3217 617 3300 tranquillissimus
637 3221 669 3284 et
688 3219 924 3286 sincerissimus
943 3220 983 3284 ad
1000 3219 1235 3287 firmamentum
1253 3223 1409 3305 pertinere
1424 3240 1448 3281 ὅ

263 3323 417 3389 credatur.
450 3324 510 3390 hoc
544 3324 627 3390 enim
660 3325 787 3390 nomine
819 3325 1009 3392 firmamenti
1039 3326 1112 3410 ipsa
1137 3328 1354 3412 tranquillitas
1377 3334 1409 3396 et

262 3449 379 3515 magna
404 3449 477 3513 pars
510 3451 615 3498 rernm
647 3431 821 3516 significari
851 3435 968 3516 potest.
1000 3433 1084 3499 uude
1117 3435 1213 3499 etiam
1240 3435 1323 3502 illud
1346 3435 1407 3502 dici

263 3537 409 3620 pluribus
434 3538 514 3604 locis
538 3539 571 3603 in
594 3539 732 3604 Psalmis
762 3539 923 3607 existimo:
956 3543 994 3605 01
1024 3539 1168 3606 ueritas
1200 3545 1266 3607 tua
1287 3561 1406 3627 usque

350 3782 384 3836 28
403 3783 447 3837 Ps.
468 3785 510 3848 35,
531 3783 561 3847 6;
582 3785 625 3848 56,
647 3785 677 3839 11

298 3931 392 3987 laliis
411 3934 437 3988 L
510 3935 646 4005 nituntur]
665 3936 797 3990 nituritur
818 3936 846 3989 V
905 3936 1054 3992 30000110
1069 3937 1103 3990 ‘V
1158 3935 1309 3991 411100οι.
1328 3935 1404 3991 Mne

260 4021 601 4078 selenomantiae
637 4023 752 4078 dbnius
770 4025 855 4095 modi]
873 4023 954 4080 huius
972 4025 1033 4080 ML
1087 4026 1111 4079 si
1129 4023 1226 4080 oneV
1277 4023 1332 4079 hiis
1344 4025 1405 4080 ML

259 4111 465 4166 tentum-aliis
483 4127 535 4166 om.
553 4113 591 4167 M
643 4114 909 4184 ‘dpretermitteront
931 4115 958 4168 V
1007 4115 1078 4169 aab
1097 4130 1149 4168 om.
1167 4113 1194 4167 V
1246 4114 1281 4168 12
1298 4115 1403 4168 eontin-

259 4199 335 4268 gitd
388 4199 507 4256 motibus
519 4200 581 4255 ML
618 4203 822 4260 resumeres
856 4203 889 4258 16
908 4220 1000 4258 eornm
1019 4203 1046 4257 V
1080 4204 1112 4257 17
1131 4200 1405 4272 nee]nequeMLbd

260 4287 294 4342 18
308 4289 436 4343 uerticem
451 4288 478 4343 V
548 4291 642 4360 olimpi
657 4291 708 4345 VL
813 4293 845 4345 21
861 4291 988 4346 hiisML
1006 4291 1073 4346 iisd
1143 4291 1332 4362 sollempniter
1343 4289 1404 4345 ML

258 4375 293 4429 24
312 4375 412 4430 diuinis
430 4377 570 4446 seripturis
588 4378 688 4433 MLbd
741 4379 775 4433 28
794 4380 861 4434 locis
880 4395 931 4434 ora·
950 4379 1002 4434 Mb
