3159 4950
594 460 844 530 inperfectus
873 460 983 514 liber.
1289 464 1354 526 469

207 652 472 736 superferebatur,
496 657 533 719 ut
556 655 662 719 oleum
685 672 785 738 aquus
809 655 862 719 uel
885 674 968 739 aqna
994 662 1106 730 terrae,
1130 653 1237 718 idest
1264 653 1355 736 quasi

207 759 430 839 contineretur,
459 759 525 838 sed,
555 760 583 824 si
611 760 650 825 ad
678 760 737 825 hoc
766 761 805 826 de
828 760 1014 826 uisibilibus
1038 760 1182 843 exempla
1204 760 1356 844 capienda

207 869 292 945 sunt,
317 866 402 931 sicut
425 866 620 950 superfertur
638 868 691 932 lux
709 869 774 933 ista
792 868 870 933 solis
889 871 946 932 aut
968 868 1061 932 lunae
1084 866 1135 931 his
1159 865 1353 951 corporibus,

206 992 286 1056 quae
315 973 484 1038 inluminat
510 973 543 1037 in
572 978 669 1049 terru;
703 993 765 1039 non
795 975 879 1038 enim
909 974 1088 1040 continetur
1108 973 1175 1039 illis
1199 972 1253 1038 sed
1281 977 1355 1038 cnm

175 1079 293 1145 scaelo
326 1080 525 1145 contineatur
556 1080 628 1145 istis
662 1080 868 1163 superfertur.
900 1080 979 1145 item
1012 1081 1189 1146 cauendum
1223 1084 1281 1154 est,
1314 1098 1353 1144 ne

206 1186 298 1270 qussi
310 1188 454 1253 locorum
469 1187 581 1270 spatiis
596 1186 647 1253 dei
667 1187 816 1271 spiritum
835 1186 1005 1272 superferri
1023 1184 1174 1253 materiae
1192 1191 1352 1270 putemus,

206 1293 262 1359 sed
289 1294 324 1358 ui
352 1294 487 1377 quedam
517 1294 677 1359 effectoria
704 1296 737 1358 et
763 1294 976 1373 fabricatoria,
1005 1299 1043 1359 ut
1064 1294 1146 1359 illud
1170 1294 1222 1359 cui
1245 1312 1353 1377 super·

204 1401 304 1466 fertur
326 1400 483 1465 efficiatur
506 1404 538 1465 et
560 1400 741 1479 fabricetur,
765 1401 851 1467 sicut
878 1402 1074 1485 superfertur
1100 1402 1250 1466 uoluntas
1279 1400 1353 1465 orti·

205 1506 273 1572 ficis
305 1508 392 1591 ligno
425 1509 479 1572 uel
512 1507 626 1589 cuique
648 1493 694 1573 rei
718 1508 882 1573 subiectae
910 1507 951 1572 ad
978 1507 1172 1592 operandum
1194 1506 1250 1572 uel
1271 1506 1351 1589 ipsis

162 1636 187 1673 ιο
206 1616 301 1681 etiarn
334 1614 485 1679 membris
518 1615 657 1697 corporis
683 1614 743 1693 sui,
768 1634 850 1698 quae
878 1615 918 1680 ad
941 1616 1136 1699 operandum
1168 1615 1287 1679 monet.
1320 1614 1353 1677 et

206 1720 284 1788 haec
307 1722 483 1787 similitudo
508 1741 582 1787 cum
604 1721 668 1786 iam
692 1722 736 1787 sit
758 1722 845 1787 omni
868 1740 997 1805 corpore
1025 1721 1228 1787 excellentior
1254 1739 1352 1804 parua

206 1832 255 1893 est
290 1832 396 1894 tamen
434 1832 467 1894 et
501 1848 598 1913 prope
636 1828 716 1893 nibil
747 1830 786 1893 ed
818 1828 1066 1913 intellegendam
1104 1826 1351 1911 superlationem

205 1936 335 2018 spiritns
365 1936 415 2001 dei
443 1936 587 2001 subiecta
614 1935 675 2000 sibi
699 1935 956 2017 adoperandum
980 1935 1091 1999 mundi
1114 1934 1259 2010 materia;
1294 1933 1351 1997 sed

203 2060 265 2106 uon
291 2042 473 2108 inuenimus
501 2042 731 2109 euidentiorem
763 2042 1007 2107 similitudinem
1034 2044 1068 2105 ot
1093 2040 1351 2126 propinquiorem

158 2167 183 2209 rs
201 2149 247 2214 rei
275 2150 312 2214 de
350 2168 413 2231 qua
443 2150 604 2233 loquimur
630 2148 662 2214 in
690 2149 740 2213 his
768 2149 864 2214 rebus
892 2168 972 2232 quae
1000 2150 1039 2214 ab
1067 2148 1250 2215 horninibus
1274 2165 1350 2229 quo-

200 2256 433 2338 modocumque
462 2256 531 2339 capi
554 2260 699 2338 possunt.
734 2259 924 2339 quapropter
947 2256 1066 2338 optime
1089 2256 1121 2320 in
1144 2255 1240 2320 huius
1263 2253 1350 2318 modi

201 2364 392 2448 cogitabone
424 2363 505 2426 illud
538 2366 744 2446 praeceptum
776 2363 946 2439 tenebitur,
981 2365 1066 2447 quod
1098 2364 1251 2447 scriptum
1285 2363 1348 2425 est:

200 2468 472 2536 benedicentes
488 2469 676 2535 dominum
693 2470 859 2535 exaltate
875 2470 984 2535 illum
1004 2474 1348 2554 quantumcumque

199 2577 418 2660 potueritis,
443 2575 642 2660 superabit
665 2581 702 2642 at
725 2576 856 2642 adhuc.
880 2577 942 2642 boc
965 2581 1072 2642 autem
1097 2577 1218 2641 dictum
1242 2576 1294 2655 sit,
1320 2576 1348 2641 si

155 2703 182 2743 ro
200 2684 259 2749 hoc
283 2685 354 2750 looo
378 2683 510 2767 spiritus
534 2683 586 2748 dei
610 2684 741 2766 spiritus
766 2688 907 2760 sanctus,
932 2703 1025 2767 quarn
1045 2685 1081 2773 in
1103 2683 1174 2766 ipsa
1195 2683 1348 2748 ineffabili

180 2793 233 2854 ·et
255 2791 508 2856 incommutabili
532 2791 672 2856 trinitate
696 2810 894 2870 ueneremur,
919 2791 1083 2876 accipitur.

243 2897 356 2962 Potest
388 2901 492 2962 autern
526 2901 558 2962 et
589 2898 681 2962 aliter
712 2897 869 2982 intellegi,
902 2900 939 2961 ut
971 2898 1119 2981 spiritum
1143 2897 1191 2962 dei
1215 2896 1347 2960 nitelam

199 3007 384 3082 creaturam,
414 3024 476 3087 qua
503 3003 672 3069 uniuersus
700 3004 762 3069 iste
792 3005 932 3069 uisibilis
961 3005 1099 3070 mundus
1124 3008 1218 3089 atque
1242 3003 1348 3069 omnia

199 3128 347 3194 corporea
384 3112 585 3177 continentur
617 3116 650 3175 et
680 3115 865 3188 mouentur,
902 3112 1142 3196 intellegamus,
1180 3111 1232 3175 oui
1269 3110 1347 3175 dous

154 3236 180 3274 2⁵
200 3217 398 3299 omnipotens
421 3218 535 3283 tribuit
556 3219 623 3283 uim
648 3218 803 3301 quandam
827 3219 888 3282 sibi
912 3218 1071 3283 seruiendi
1094 3217 1346 3301 adoperandum

198 3323 230 3388 in
263 3323 313 3389 his
347 3343 426 3406 quae
459 3325 644 3408 gignuntur.
678 3325 732 3408 qui
764 3324 896 3407 spiritus
930 3343 1003 3389 oum
1032 3324 1075 3388 sit
1103 3323 1188 3388 omni
1216 3343 1346 3406 corpore

198 3430 343 3496 aethereo
359 3430 479 3506 melior,
492 3431 566 3513 quia
580 3450 704 3496 omnem
719 3429 880 3496 uisibilem
895 3434 1071 3495 ereaturam
1085 3430 1187 3494 omnis
1203 3433 1346 3495 creatura

198 3537 370 3603 inuisibilis
403 3538 572 3614 antecedit,
606 3558 667 3604 non
701 3538 836 3604 absurde
869 3538 1001 3622 spiritus
1031 3537 1081 3602 dei
1109 3538 1236 3603 dicitur.
1269 3535 1345 3619 quid

290 3781 322 3836 18
341 3781 424 3836 Eccli.
443 3781 487 3847 43,
506 3783 541 3836 30

234 3922 456 3993 luthicutbd
537 3922 704 3980 uhiisML
785 3922 965 3977 dinom.L
1045 3922 1346 3976 luimminl'

196 4012 315 4066 §letiam
334 4012 401 4083 ipsis
424 4011 547 4068 TlllLbd
584 4012 617 4067 10
636 4015 677 4067 sui
696 4011 788 4068 om.L
826 4012 859 4066 14
878 4010 1127 4082 propinquoremL
1164 4013 1197 4065 15
1215 4011 1270 4064 biis
1281 4010 1343 4065 ML

196 4101 270 4155 iisd
358 4101 404 4172 ab]
423 4101 457 4155 ad
475 4101 513 4155 Μ
600 4102 943 4172 quemadmodumcumque
966 4101 992 4154 V
1080 4103 1113 4156 16
1136 4103 1164 4155 in
1186 4101 1343 4155 huiusmodi

197 4191 365 4259 cogitatione
384 4191 485 4261 optimc
504 4189 626 4246 TMLbd
676 4191 710 4246 1ss
728 4190 809 4246 deum
823 4191 861 4246 bd
912 4190 947 4245 23
965 4191 1030 4260 iste]
1050 4193 1092 4245 est
1108 4189 1186 4245 ΜΗ)
1236 4191 1341 4245 dicor·

196 4277 309 4348 poruV
399 4279 433 4333 26
451 4279 505 4332 hiis
523 4280 584 4333 ML
602 4279 676 4334 iisd
760 4280 795 4334 27
814 4279 924 4334 ethereo
948 4277 1013 4333 VT¹
1101 4279 1249 4334 inuisibilis
1267 4295 1341 4334 creo-

196 4371 258 4421 tura
276 4366 341 4421 Led
