3159 4950
215 471 278 535 108
562 471 590 524 S.
617 470 754 524 Aureli
781 469 1000 539 Augustini

213 664 347 743 sabbati,
383 665 619 729 consummarit
651 664 757 729 omnia
789 683 885 748 opera
917 683 985 740 sua,
1014 683 1087 729 cunr
1121 663 1160 728 de
1191 664 1248 728 illo
1282 679 1361 744 quae

213 771 333 854 scripta
352 775 429 836 sunt
451 772 483 835 in
506 772 577 854 ipso
601 772 705 837 crucis
728 771 871 855 patibulo
896 772 1126 855 conplerentur.
1151 789 1224 835 nam
1247 771 1280 834 et
1300 769 1362 833 hoc

214 880 314 945 uerbo
339 899 419 945 usius
443 882 494 944 est
517 879 641 963 quaudo
670 880 733 943 ait:
763 882 1063 944 consummatum
1091 879 1162 953 est;
1192 879 1229 940 ct
1255 875 1361 940 incli—

211 989 303 1052 nato
328 987 455 1069 capite
477 986 641 1052 tradidit
664 987 852 1069 spiritum.
882 985 958 1069 quid
982 1004 1056 1070 ergo
1079 985 1206 1060 mirum,
1231 983 1259 1048 si
1282 981 1360 1046 dens

152 1091 155 1097 “
210 1092 310 1158 istum
334 1093 430 1172 diem,
455 1112 518 1176 quo
543 1097 611 1159 erat
634 1093 781 1158 Christus
804 1093 837 1156 in
861 1091 1025 1175 sepultura
1047 1091 1224 1173 quieturus,
1248 1088 1361 1154 uolens
1392 1111 1405 1150 s

212 1198 309 1264 etiarn
342 1199 404 1264 boc
436 1198 530 1264 modo
563 1199 786 1280 praenuntiare
819 1198 857 1264 ab
887 1197 1035 1281 operibus
1065 1197 1131 1262 suis
1159 1195 1190 1260 in
1218 1212 1282 1259 uno
1310 1193 1361 1257 die

210 1306 380 1388 requierit,
406 1304 554 1387 deinceps
575 1308 762 1386 operaturus
782 1305 924 1370 ordinem
944 1304 1155 1378 saeculorum,
1174 1304 1212 1365 ut
1230 1298 1362 1364 utillud

211 1432 325 1477 uerum
350 1412 528 1477 diceretur:
552 1415 659 1495 pater
682 1431 787 1477 meus
811 1431 930 1494 usque
953 1429 1049 1476 nunc
1074 1410 1270 1494 operatur?

258 1523 310 1586 12.
343 1521 458 1586 Potest
490 1519 586 1584 etiam
617 1518 763 1602 intellegi
795 1517 891 1582 deum
917 1517 1114 1599 requieuissa
1143 1535 1162 1580 a
1189 1513 1359 1580 condendis

213 1626 382 1710 generibus
406 1627 579 1703 creaturae,
604 1623 679 1708 quia
696 1625 781 1689 ultra
799 1625 862 1690 iarn
881 1643 943 1689 non
963 1622 1105 1689 condidit
1123 1622 1228 1705 aliqua
1246 1639 1360 1704 genera
1379 1643 1410 1681 ro

210 1749 304 1807 noua,
329 1731 478 1812 deinceps
503 1734 610 1796 antem
634 1749 736 1814 usque
759 1750 844 1796 nuno
867 1734 901 1796 et
927 1731 1011 1795 ultra
1038 1728 1161 1811 operari
1188 1725 1359 1793 eorundem

210 1857 361 1921 generum
385 1837 703 1913 administrationem,
728 1857 809 1921 qnae
837 1840 914 1902 tunc
941 1837 1092 1901 instituta
1120 1837 1205 1913 sunt,
1233 1851 1294 1898 non
1323 1835 1360 1896 ut

211 1943 281 2025 ipso
320 1945 434 2008 saltem
474 1944 526 2009 die
564 1945 700 2028 septimo
737 1945 880 2029 potentia
916 1943 985 2008 eius
1023 1961 1041 2007 a
1077 1941 1157 2007 caeli
1194 1945 1227 2005 et
1258 1943 1358 2005 terrae

211 2050 417 2132 omniumque
453 2070 559 2116 rerum
597 2071 677 2134 quas
714 2051 900 2117 condiderat
940 2041 1168 2134 gubernatione
1210 2049 1358 2124 cessaret,

210 2156 352 2240 alioquin
376 2157 528 2223 continno
551 2159 778 2224 dilaberentur.
818 2157 969 2222 creatoris
993 2175 1130 2239 namque
1156 2155 1300 2239 potentia
1326 2159 1359 2220 et
1377 2177 1401 2215 rs

210 2263 438 2348 omnipotentis
461 2268 558 2348 atque
581 2265 807 2330 omnitenentis
834 2264 937 2328 uirtus
959 2281 1063 2328 'eausa
1091 2262 1287 2329 subsistendi
1309 2266 1359 2327 est

210 2371 296 2434 omni
319 2374 499 2436 creaturae:
524 2391 604 2454 quae
623 2371 727 2436 uirtus
747 2371 785 2436 ab
806 2372 863 2451 eis,
883 2389 963 2454 quae
983 2372 1089 2435 creata
1107 2373 1192 2448 sunt,
1210 2369 1356 2454 regendis

211 2479 238 2543 si
257 2478 426 2562 aliquando
446 2482 595 2556 cessaret,
616 2480 713 2545 simui
733 2482 766 2544 et
783 2480 914 2545 illorum
935 2482 1074 2543 cessaret
1098 2478 1220 2562 species
1240 2476 1356 2543 omnis-

210 2603 271 2667 que
298 2587 412 2650 natura
443 2586 632 2651 concideret.
670 2606 773 2669 neque
806 2586 900 2664 enim,
933 2586 1018 2651 sicut
1049 2586 1188 2650 structor
1219 2582 1355 2660 aedium,

210 2709 283 2755 cum
311 2690 523 2768 fabricauerit,
552 2692 706 2769 abscedit,
740 2695 836 2775 atque
867 2693 923 2757 illo
954 2696 1097 2758 cessante
1126 2694 1220 2774 atque
1249 2690 1355 2755 obsce
1376 2711 1402 2747 ιο

212 2795 305 2861 dente
329 2800 395 2861 stat
418 2816 498 2880 opus
522 2798 601 2875 eius,
625 2798 672 2863 ita
693 2799 832 2863 mundus
855 2799 909 2863 uel
931 2798 999 2862 ictu
1022 2797 1108 2863 oculi
1127 2800 1210 2862 stare
1229 2795 1354 2878 poterit,

209 2902 238 2987 si
261 2903 291 2978 ei
315 2902 393 2967 deus
417 2904 559 2988 regimen
582 2905 634 2969 sui
656 2905 857 2970 subtraxerit.

256 3009 394 3075 Proinde
419 3013 451 3074 et
473 3010 559 3093 quod
581 3011 727 3076 dominus
751 3012 814 3076 ait:
847 3014 953 3093 pater
979 3029 1083 3075 meus
1106 3027 1225 3093 usque
1249 3008 1354 3074 modo

211 3119 398 3199 operatur,
415 3116 687 3183 continuationem
706 3118 864 3200 quandam
883 3117 986 3201 operis
1005 3116 1084 3191 eius,
1099 3134 1162 3199 qua
1174 3115 1354 3179 uniuersam

209 3225 386 3287 ereaturam
419 3223 561 3288 continet
592 3226 687 3305 atque
720 3224 930 3302 administrat,
960 3222 1108 3290 ostendit.
1147 3221 1240 3287 aliter
1272 3220 1353 3285 enim
1373 3235 1400 3273 ²⁵

210 3331 322 3411 posset
343 3329 499 3414 intellegi,
524 3330 553 3394 si
576 3330 714 3395 diceret:
743 3333 776 3394 et
803 3348 885 3396 nune
913 3332 1070 3411 operatur,
1098 3328 1154 3393 nbi
1181 3347 1242 3394 non
1270 3329 1355 3393 esset

209 3452 349 3511 neeesse,
378 3438 416 3499 ut
443 3435 548 3519 operis
576 3436 847 3502 continuationem
875 3436 1100 3519 acciperemus,
1130 3434 1221 3501 aliter·
1248 3438 1353 3499 autem

297 3644 315 3698 3
332 3645 392 3699 Iob.
414 3645 455 3708 19,
474 3644 510 3701 30
563 3645 581 3699 8
599 3644 658 3699 Ioln
678 3645 704 3707 5,
723 3645 756 3698 17

243 3769 260 3823 2
278 3769 403 3839 patinnlo
421 3768 462 3828 E¹
515 3770 534 3822 4
550 3768 666 3823 tradidit
682 3767 724 3824 12¹
740 3766 868 3822 reddidet
879 3768 907 3822 P
922 3766 1043 3821 reddidit
1054 3764 1112 3822 R²b
1166 3767 1183 3820 b
1202 3765 1351 3836 sepultura]

208 3858 349 3928 sepulchro
368 3858 385 3912 b
452 3858 469 3911 8
487 3873 551 3911 uere
570 3857 608 3911 od
678 3858 695 3911 9
714 3856 893 3923 concedendis
911 3858 942 3911 E
958 3854 1106 3911 condendis
1123 3854 1186 3923 (att.
1204 3872 1222 3908 n
1240 3870 1262 3908 s.
1282 3854 1300 3909 1.
1318 3870 1353 3907 m.

210 3946 237 4013 1)
256 3946 285 4001 Ρ
373 3946 404 4001 ll
431 3946 546 4017 operari]
570 3962 653 4017 opera
674 3945 704 4001 R
725 3948 853 4016 operatur
876 3945 891 3998 b
914 3944 1051 4015 operarior
1067 3942 1096 3997 P
1183 3942 1298 3997 eundern
1316 3941 1353 3995 P¹

209 4037 243 4089 12
262 4036 533 4091 amministrationem
551 4035 604 4091 PR
674 4040 707 4090 ut
723 4051 745 4090 e.
766 4034 783 4089 l.
802 4052 837 4091 m.
858 4036 915 4091 lR
951 4034 985 4089 13
1004 4032 1134 4088 saltim&
1169 4033 1202 4087 14
1220 4032 1352 4087 omnium·

209 4140 278 4195 qnae
296 4125 324 4179 P
395 4122 589 4195 gubernatore·
604 4131 629 4193 (s
645 4123 804 4191 semimiS
870 4125 902 4178 15
921 4124 1107 4178 dilacerentur
1123 4122 1180 4177 ΕΡ
1251 4124 1284 4177 17
1304 4122 1352 4193 eia]

208 4212 375 4268 omnibus&
444 4228 497 4282 qne
515 4211 544 4267 12
604 4214 637 4267 19
654 4213 803 4267 instructor
821 4213 844 4268 S
859 4214 1028 4268 structursb
1087 4212 1122 4267 20
1140 4210 1272 4283 abscedit]
1293 4213 1352 4283 quis

207 4300 362 4356 absceditb
415 4302 448 4355 21
465 4300 585 4371 operaS
635 4302 775 4371 23modo]
789 4302 1007 4357 nuncE²PRbd
1059 4302 1093 4355 25
1107 4302 1288 4356 amministrat
1299 4300 1353 4356 PR

207 4392 242 4445 26
260 4391 349 4461 possit
365 4388 427 4445 SR¹
480 4390 515 4444 27
534 4392 636 4460 autern]
654 4392 726 4445 enim
743 4392 783 4445 Ει
