3159 4950
246 485 312 548 148
598 481 625 536 S.
653 482 791 536 Aureli
820 457 1039 550 Augustini

244 679 394 755 terrem,
419 677 586 742 ethome
612 695 681 741 nen
706 680 799 752 erat,
824 676 887 759 qui
911 679 1133 759 operaretur
1155 679 1304 750 terrain,
1330 693 1392 756 qun

243 784 402 867 pertineat
428 787 461 849 et
488 784 566 866 qnid
593 784 684 850 nobis
712 784 863 860 insinuet,
892 783 1041 868 indagare
1070 783 1200 847 difficile
1229 785 1289 846 est.
1313 785 1392 844 tarn—

244 907 339 972 qunrn
371 889 453 966 ideo,
487 894 657 974 antequam
690 895 833 955 exortum
866 894 925 967 est,
957 890 1035 954 feeit
1067 890 1145 954 deus
1179 889 1286 952 fenum
1315 889 1392 972 agri.

245 997 320 1077 quin
350 995 492 1061 nondum
523 997 647 1079 pluerat
679 1015 775 1077 super
806 1000 936 1072 terranr;
970 995 997 1060 ei
1031 995 1114 1058 eninr
1147 998 1221 1077 pest
1252 995 1392 1078 pluuium

242 1102 349 1166 fenum
382 1103 523 1181 fecisset,
555 1104 667 1186 pluuia
698 1103 801 1186 magis
834 1105 975 1167 exortunr
1010 1121 1104 1183 quam
1136 1102 1256 1167 facturn
1290 1103 1328 1166 ab
1357 1119 1393 1166 eo
1427 1123 1441 1162 5

244 1208 416 1274 uideretur.
441 1210 518 1292 quid
542 1210 646 1275 enim?
670 1209 755 1293 quod
776 1211 852 1292 post
873 1209 1015 1291 pluuienr
1040 1208 1188 1287 exeritur,
1209 1209 1246 1272 ab
1273 1209 1334 1272 alio
1358 1207 1395 1271 fit

245 1315 308 1380 nisi
331 1317 369 1382 ab
394 1317 506 1381 eodem
529 1317 609 1382 deo?
634 1336 690 1382 cnr
713 1320 819 1381 autem
844 1336 905 1382 non
925 1318 992 1381 erat
1010 1317 1116 1392 horno,
1137 1316 1190 1398 qui
1212 1319 1395 1399 operaretur

243 1427 382 1488 terram?
414 1443 517 1487 nonne
550 1424 612 1488 ianr
646 1427 732 1487 serto
766 1421 816 1488 die
850 1423 968 1487 iecerat
998 1422 1159 1488 hominem
1194 1427 1226 1486 et
1258 1423 1393 1505 septimo

243 1531 446 1613 requieuerat
468 1532 507 1594 ab
531 1531 677 1595 omnibus
706 1531 855 1612 operibus
884 1529 972 1594 suis?
1001 1549 1040 1593 an
1068 1529 1129 1595 hoe
1156 1529 1394 1611 recapitulando

245 1641 480 1713 commemoret,
505 1637 664 1720 quoniam,
688 1637 812 1720 quande
836 1637 913 1701 feeit
936 1635 1015 1701 deus
1039 1655 1131 1702 omne
1155 1635 1256 1700 uiride
1276 1636 1345 1719 agri
1364 1639 1396 1700 et
1415 1659 1441 1695 ιο

247 1763 340 1810 omne
363 1744 481 1823 fenum,
509 1744 650 1810 nendum
677 1747 803 1827 pluerat
830 1763 926 1828 super
952 1747 1078 1820 terram,
1104 1745 1137 1807 et
1160 1743 1300 1808 nondum
1329 1747 1395 1806 erut

249 1851 366 1916 home?
399 1851 493 1914 tertie
525 1849 641 1934 quippe
674 1851 724 1914 die
756 1850 833 1916 feeit
865 1851 937 1926 ista,
970 1850 1130 1914 hominem
1161 1853 1265 1914 nutem
1296 1853 1393 1914 sexte.

246 1955 304 2021 sed
327 1975 399 2021 eum
423 1955 500 2019 fecit
522 1955 600 2020 deus
624 1975 716 2021 omne
735 1957 837 2020 uiride
857 1958 951 2038 atque
972 1975 1063 2020 omne
1081 1956 1190 2020 fenum
1211 1957 1289 2040 agri,
1310 1959 1394 2020 ante-

248 2082 342 2146 quam
370 2067 512 2127 exortunr
540 2066 591 2127 est
617 2081 714 2145 snper
739 2066 866 2141 terram,
895 2081 957 2128 nou
981 2062 1087 2128 selum
1111 2063 1207 2127 horno
1231 2081 1293 2126 non
1318 2067 1393 2126 eret.

248 2170 302 2252 qui
339 2172 521 2252 operaretur
556 2173 681 2246 terram,
720 2170 778 2235 sed
814 2189 872 2234 nee
907 2171 1013 2252 ipsum
1048 2171 1155 2235 fenum
1198 2173 1264 2234 erat
1301 2189 1396 2253 super
1416 2191 1443 2232 15

246 2281 373 2353 terrem,
399 2275 483 2357 qued
506 2275 618 2357 utique
637 2279 709 2341 unte
729 2277 807 2340 dicit
825 2276 947 2341 factum
965 2295 1060 2358 qnam
1085 2281 1236 2342 exortum.
1262 2295 1300 2340 an
1324 2276 1394 2341 idee

249 2383 300 2448 die
328 2383 422 2448 tertie
451 2383 530 2448 deus
557 2383 635 2448 feeit
661 2383 735 2462 iste,
764 2385 839 2465 quia
862 2383 1000 2448 nondum
1026 2387 1093 2448 erat
1115 2385 1222 2461 hemo,
1246 2384 1300 2467 qui
1324 2404 1395 2468 ope·

137 2576 140 2581 ,
247 2490 345 2556 rande
370 2496 485 2555 terram
508 2490 627 2556 faceret
649 2494 707 2555 ea?
735 2492 828 2573 quasi
850 2510 926 2557 uere
949 2494 1016 2555 tam
1039 2493 1141 2555 multa
1164 2492 1251 2576 ligne
1275 2496 1394 2556 ettam

248 2600 351 2663 multa
369 2617 485 2683 genera
501 2598 669 2663 herbarum
687 2617 749 2663 non
764 2598 834 2663 sine
847 2599 914 2663 ullu
929 2618 1022 2682 opera
1040 2600 1203 2663 hominurn
1223 2600 1396 2664 naseuntur

247 2723 284 2767 ex
305 2711 398 2769 terra.
1412 2730 1438 2768 eo

292 2812 340 2874 An
365 2810 406 2877 ob
430 2810 684 2893 necutrumque
707 2811 847 2895 positum
873 2814 931 2889 est,
957 2814 989 2875 et
1013 2812 1087 2896 quia
1110 2812 1249 2878 nendum
1272 2813 1396 2895 pluerat

250 2937 345 2999 super
376 2922 491 2982 ternam
533 2921 566 2982 et
601 2918 676 3000 quie
713 2918 852 2982 nendum
885 2923 953 2983 erat
984 2919 1090 2997 hermu,
1124 2919 1177 3001 qui
1216 2922 1397 3002 operaretur

247 3028 386 3089 terram?
419 3025 475 3088 ubi
507 3025 591 3089 enim
624 3044 718 3109 opera
749 3024 888 3089 humana
915 3044 977 3090 nen
1006 3029 1064 3103 est,
1089 3046 1145 3109 per·
1167 3025 1311 3108 pluuium
1334 3025 1396 3089 ista

250 3132 433 3194 naseuntur.
459 3134 534 3194 sunt
556 3134 663 3195 autem
687 3130 854 3213 quaedem,
879 3150 958 3213 quae
978 3130 1072 3195 etiarn
1093 3150 1148 3214 per·
1166 3130 1310 3215 pluuium
1336 3150 1395 3194 nen

248 3238 432 3313 naseuntur,
461 3236 524 3301 nisi
551 3255 646 3319 opera
672 3230 815 3300 humnna'
838 3236 977 3301 accedat.
1011 3236 1081 3301 ideo
1116 3254 1198 3300 nune
1226 3239 1395 3318 utrumque
1415 3262 1443 3301 en

249 3341 442 3407 adiutorium
465 3343 678 3409 necessarium
702 3346 762 3421 est,
786 3346 824 3406 ut
847 3347 962 3407 ennete
984 3346 1168 3420 nascantur;
1193 3348 1270 3407 tune
1290 3346 1396 3407 autern

248 3452 418 3531 utrumque
443 3449 566 3515 defuit.
582 3449 653 3513 ideo
677 3450 754 3515 feeit
776 3450 855 3513 haec
879 3449 957 3514 deus
980 3451 1123 3531 potentin
1145 3450 1236 3515 uerbi
1259 3450 1310 3515 sui
1328 3451 1395 3515 sine

286 3689 430 3745 3'inenurn
450 3690 492 3746 Sd
509 3690 619 3745 faenum
637 3690 691 3745 PR
745 3690 957 3746 5feenuanR
1029 3692 1148 3761 fecisset]
1170 3690 1281 3746 fecisset
1299 3692 1396 3746 deust

253 3780 270 3832 9
284 3780 408 3834 omnibus
423 3798 456 3835 ex
466 3780 621 3835 hominibus
634 3780 662 3834 P
719 3786 786 3849 port
798 3782 853 3834 suis
869 3780 935 3835 add.
951 3797 1019 3851 quae
1035 3782 1128 3835 secitb
1176 3784 1204 3835 11
1223 3780 1333 3835 faenum
1343 3780 1397 3835 PR

250 3868 411 3923 renerum
430 3868 484 3924 PR
575 3870 609 3923 15
626 3868 708 3938 ipsud
728 3872 808 3934 (corr.
827 3888 861 3923 ru.
883 3868 951 3937 ΗΒ
1027 3870 1137 3923 foenum
1156 3870 1198 3925 Sd
1215 3870 1324 3924 faenum
1344 3868 1396 3923 PR

249 3956 283 4009 r?
302 3956 369 4010 feeit
386 3956 452 4011 dens
471 3956 559 4011 Pde
629 3957 830 4028 operaretur&
904 3960 937 4013 19
957 3958 1080 4013 erbnrurn
1100 3959 1133 4014 δ1
1205 3958 1262 4013 ulle
1281 3960 1397 4029 operet

249 4044 462 4099 nascantuer
496 4045 531 4098 23
550 4046 660 4117 terram]
679 4047 707 4101 in
726 4046 843 4101 terrnS
892 4048 983 4101 nistn
1003 4054 1029 4117 (n
1047 4064 1069 4102 n.
1089 4048 1107 4101 i.
1126 4064 1160 4101 m.
1181 4046 1250 4113 DS
1284 4048 1398 4101 248unt

249 4135 433 4186 —neseuntur
451 4132 546 4188 oneri
633 4135 735 4205 nutem]
761 4136 844 4189 etinnr
863 4136 956 4191 PRbd
1063 4135 1177 4205 quedam
1197 4136 1225 4191 R
1314 4136 1398 4189 etiam

250 4218 409 4274 emmena
480 4221 515 4274 25
532 4222 652 4277 humana
671 4240 753 4293 opere
770 4223 886 4279 PRde
957 4222 1083 4279 accedant
1103 4228 1130 4291 (n
1150 4224 1239 4290 er.)R
1294 4226 1399 4279 utrum·

253 4322 303 4375 que
323 4308 433 4363 nnneS
484 4310 519 4363 26
538 4310 706 4367 iuterinmS
775 4316 873 4367 cuncte
893 4312 1180 4381 (ait.ee.l.m.1)R
1252 4314 1400 4367 nascantur

251 4404 296 4463 tau
317 4412 351 4451 ex
369 4397 457 4467 en)S
509 4400 543 4453 27
563 4399 629 4453 dens
647 4400 715 4455 haee
733 4400 771 4455 bd
