3159 4950
738 1236 763 1299 1.

199 1374 264 1438 DE
296 1373 472 1439 GENESI
500 1375 561 1440 AD
592 1375 836 1441 LITTERAM
862 1377 996 1441 LIBRI
1023 1376 1291 1446 DUODEOIM.

587 1515 714 1569 uranu
737 1514 905 1570 narnus

211 1643 243 1705 1.
272 1639 382 1706 Omnis
407 1641 514 1705 diuina
538 1641 695 1724 scriptura
716 1640 868 1723 bipertita
896 1646 945 1706 est
969 1642 1144 1706 secundum
1169 1643 1211 1722 id,
1237 1645 1322 1726 quod

130 1746 317 1813 adominus
341 1749 501 1832 significat
529 1749 635 1813 diceus
666 1747 803 1813 scribam
831 1749 991 1812 eruditum
1018 1750 1050 1813 iu
1079 1768 1176 1832 regno
1206 1750 1256 1814 dei
1280 1751 1321 1815 si-

161 1853 278 1918 milem
303 1874 372 1920 esse
396 1855 477 1937 patri
499 1854 637 1920 familias
660 1855 833 1938 proferenti
861 1856 900 1920 de
923 1857 1074 1920 thesauro
1100 1875 1157 1922 suo
1182 1877 1266 1922 noua
1289 1862 1322 1923 et

161 1963 287 2038 uetera,
312 1979 391 2044 quae
415 1961 477 2025 duo
503 1961 598 2025 etiam
622 1963 816 2026 testamenta
838 1961 996 2026 dicuntur.
1042 1962 1188 2027 inlibris
1213 1968 1320 2029 autem

161 2067 315 2132 omnibus
340 2069 457 2132 sancus
481 2068 597 2133 intueri
625 2071 764 2151 oportet,
793 2087 873 2152 quae
900 2069 945 2132 ibi
968 2073 1095 2133 aeterna
1121 2069 1318 2149 intimentur,

161 2191 244 2254 quae
271 2173 356 2238 facta
378 2177 551 2252 narrentur,
576 2193 656 2257 quae
680 2175 785 2240 futura
803 2177 1074 2258 praenuntientur,
1094 2196 1174 2260 quae
1199 2175 1320 2262 agenda

122 2307 144 2345 u
158 2279 399 2363 praecipiantur
421 2281 474 2345 uel
498 2280 735 2346 admoneantur.
759 2283 791 2346 in
816 2284 993 2348 narratione
1017 2303 1090 2368 ergo
1123 2303 1228 2348 rerum
1255 2283 1318 2348 fao·

159 2387 270 2450 tarum
299 2387 469 2468 quaeritur,
495 2391 600 2452 utrum
631 2389 737 2453 omnia
769 2389 944 2454 secundum
976 2390 1147 2475 figurarum
1180 2392 1318 2454 tantum-

160 2493 259 2559 modo
282 2494 482 2559 intelleotum
506 2495 711 2577 accipiantur,
732 2515 770 2559 an
790 2496 886 2561 etiam
906 2495 1080 2561 secundum
1100 2495 1194 2560 fidem
1212 2516 1317 2561 rerum

160 2604 328 2683 gestarum
358 2600 529 2666 adserenda
557 2606 589 2665 et
616 2602 814 2667 defendenda
836 2603 909 2669 sint.
943 2623 1016 2667 nam
1044 2622 1106 2668 non
1136 2622 1206 2667 esse
1235 2602 1316 2667 acci·

158 2708 279 2789 pienda
300 2707 474 2792 figuraliter
496 2709 604 2774 nullus
629 2708 821 2773 christianus
845 2708 948 2773 dicere
973 2709 1112 2787 audebit,
1142 2708 1315 2773 adtendens

117 2838 140 2877 a
159 2813 345 2896 apostolum
370 2814 541 2883 dicentem:
568 2815 689 2880 omnia
722 2818 847 2884 autem
879 2814 971 2879 haec
1004 2815 1040 2878 in
1074 2814 1200 2897 figura
1233 2833 1314 2879 oon-

158 2921 365 3004 tingebant
391 2922 427 2985 in
459 2922 551 3000 illis,
587 2925 618 2986 et
649 2922 740 2996 illud,
766 2921 850 3004 quod
873 2922 905 2985 in
931 2920 1048 2986 Genesi
1071 2921 1225 3002 scriptum
1250 2928 1313 2985 est:

251 3146 321 3202 dci.
340 3146 438 3200 matth.
460 3148 500 3211 13,
521 3147 555 3201 52
612 3149 644 3200 15
664 3147 676 3199 I
696 3146 757 3202 Cor.
779 3147 821 3211 10,
843 3149 872 3200 ll

194 3270 212 3323 2
231 3270 335 3341 Incipit
353 3270 445 3342 li[be]r
462 3272 588 3341 [primus]
607 3270 640 3325 de
660 3271 753 3341 genesi
772 3270 808 3324 ad
825 3271 985 3340 li[tteram];
1010 3270 1078 3324 haec
1099 3271 1245 3338 intentatio
1268 3286 1312 3324 co-

159 3357 230 3412 dico
249 3358 279 3413 Ε
297 3376 316 3412 a
333 3376 367 3413 m.
387 3360 403 3412 2
418 3360 546 3429 prosectu
564 3366 617 3426 eat,·
634 3376 706 3429 quoe
724 3360 804 3414 unma
821 3361 924 3413 inclusi
943 3360 995 3429 legi
1012 3364 1148 3428 nequeunt
1171 3360 1213 3412 De
1236 3360 1309 3428 prin·

159 3446 230 3515 cipio
251 3446 359 3515 genesis
379 3448 445 3513 (litt.
464 3449 544 3512 mai.)
558 3447 613 3516 sol.
635 3450 647 3501 1
664 3448 692 3501 P
707 3447 786 3501 Beati
802 3446 951 3517 Augustini
970 3448 998 3500 in
1018 3448 1139 3516 genesim
1158 3445 1193 3499 ad
1212 3446 1310 3500 librum

159 3536 350 3603 quaestionum
365 3534 428 3589 libri
442 3535 495 3590 XII
511 3534 657 3589 Undecimo
672 3534 741 3589 libro
757 3534 867 3588 utiliora
880 3536 1004 3588 inuenies
1018 3533 1064 3587 iol.
1076 3528 1131 3598 36¹³,
1146 3532 1194 3591 fol.
1210 3534 1257 3588 37·
1268 3534 1310 3589 De

159 3624 292 3694 principio
316 3626 423 3695 genesis
447 3626 475 3681 R
503 3626 604 3694 Incipit
628 3623 698 3678 liber
721 3624 823 3694 primus
846 3612 885 3677 sci
902 3623 1053 3694 Augustini
1070 3624 1099 3677 in
1119 3625 1240 3693 genesim
1259 3624 1308 3684 foi.

158 3712 208 3767 38
243 3714 415 3783 dlucips'uut
428 3714 562 3784 Ereptppii
575 3714 717 3782 Excerpto
731 3714 772 3767 ed.
782 3713 874 3766 Kuo'tl
884 3730 908 3782 p.
922 3712 1063 3766 lae—147
1114 3712 1309 3775 scribturuE¹3

157 3802 324 3857 uocabulum
347 3804 386 3857 sic
404 3820 507 3871 semper
519 3804 615 3871 prima
635 3818 721 3855 uranu
745 3803 877 3871 comptum
891 3802 1052 3870 plerumque
1069 3818 1103 3858 m.
1122 3804 1143 3854 2
1161 3807 1310 3855 comeatum

158 3897 204 3951 eat.
224 3890 298 3959 quod
315 3893 394 3947 semel
411 3892 550 3945 iudicasse
567 3892 685 3959 sufficiet
698 3891 869 3959 acceptioue
888 3891 962 3956 locu,
977 3890 1026 3943 ubi
1044 3891 1128 3945 etiam
1140 3890 1194 3943 atii
1206 3891 1309 3944 codices

158 3980 272 4034 eundem
290 3980 512 4050 orthographiam
525 3996 598 4048 prae
615 3996 643 4034 ac
660 3979 773 4047 feruut;
789 3980 863 4034 idem
882 3980 958 4033 cadit
974 3980 1006 4033 iu
1024 3996 1116 4035 uocem
1134 3979 1264 4034 scribtum
1284 3986 1309 4033 et

158 4068 273 4122 scribtor
355 4069 487 4139 bipertita
500 4084 592 4137 poene
609 4069 725 4122 monuit
743 4068 770 4122 P
786 4068 919 4137 bipartita
937 4068 953 4121 1)
1039 4067 1069 4121 id
1088 4068 1161 4138 quod
1181 4067 1306 4121 dominus

154 4173 246 4223 poene
266 4163 437 4211 monument
454 4158 483 4211 P
571 4159 587 4211 5
611 4156 778 4225 significauit
795 4155 883 4211 Puto
971 4158 988 4211 9
1011 4157 1223 4226 pronuntientur
1240 4154 1308 4209 E²S

161 4245 193 4299 10
207 4244 403 4301 admoneantur
417 4246 445 4313 (d
458 4262 480 4300 a.
495 4247 512 4300 l.
526 4263 560 4301 m.
575 4250 600 4311 1)
616 4246 646 4298 E
662 4249 825 4299 moneantur
841 4245 1057 4314 PRSOdeup
1095 4246 1127 4299 ll
1147 4246 1306 4315 figurarum]

159 4332 350 4402 figuratumbd
399 4334 432 4387 12
446 4333 614 4389 intellectum
625 4334 663 4387 E¹
716 4334 749 4388 16
762 4336 789 4389 in
802 4334 868 4405 illis]
883 4333 1054 4389 illisE²Odd
1126 4333 1253 4389 scribtum
1264 4334 1309 4399 123·

154 4421 192 4474 'ct
210 4438 297 4491 supra
318 4426 336 4474 4

1198 4529 1228 4582 μ
