3159 4950
608 486 636 543 S.
664 485 802 541 Aureli
829 487 1048 558 Augustini

406 688 567 747 numerosis
599 688 705 747 mentis
737 690 858 763 aspectu
890 688 984 747 uideri
1018 692 1048 749 et
1074 706 1132 749 non
1161 690 1231 750 alibi
1259 708 1345 766 quam
1372 691 1403 750 in

407 778 507 837 eadem
529 779 636 839 mente.

299 868 388 927 VIIII
409 866 608 926 Praecessisse
632 866 704 925 dicit
722 866 830 925 senarii
849 866 962 926 numeri
979 866 1189 942 perfectionem
1208 868 1313 941 omnia,
1330 886 1403 944 qnae

407 957 438 1016 in
461 974 511 1016 sex
533 956 636 1016 diebus
659 955 719 1015 sint
741 959 840 1015 creata
861 956 1001 1032 perfecta.

361 1048 388 1107 X
411 1048 473 1117 Quo
488 1062 594 1121 genere
609 1044 765 1104 locuti0nis
780 1045 968 1121 intellegatur
981 1045 1089 1105 dictum
1109 1046 1288 1121 requieniese
1308 1046 1402 1119 deum,
1437 1068 1451 1109 s

408 1152 493 1211 quem
515 1134 598 1193 nefas
622 1139 667 1193 est
689 1135 807 1193 credere
829 1135 988 1194 laborasse.

346 1228 387 1285 XI
411 1223 565 1295 Quaeritur
587 1224 732 1298 quomodo
751 1226 904 1298 utrumque
925 1223 965 1282 stt
981 1239 1090 1294 uerum,
1112 1225 1190 1299 quod
1209 1226 1280 1284 dens
1300 1224 1405 1284 dicitnr

408 1312 587 1388 requieuisse
612 1315 642 1371 et
663 1312 742 1386 quod
764 1330 856 1387 nsque
880 1330 958 1372 nnnc
982 1314 1126 1387 operatur.

327 1405 384 1464 XII
407 1402 491 1473 Quod
510 1402 595 1461 deum
613 1418 672 1463 non
697 1402 772 1461 diem
796 1402 877 1461 illum
901 1402 1078 1477 operationis
1102 1402 1330 1463 sanctificauerit
1352 1404 1404 1462 secl

408 1492 499 1551 solnm
523 1490 630 1565 quietis
654 1493 685 1549 et
707 1491 785 1564 quod
807 1491 874 1566 plus
897 1492 975 1565 apud
999 1508 1063 1551 eum
1087 1492 1170 1566 quies
1197 1492 1296 1553 ualeat
1318 1509 1404 1567 quam
1424 1512 1451 1551 ro

410 1580 538 1656 operatio
564 1579 649 1639 etiarn
672 1580 761 1639 bona.

314 1672 387 1731 XIII
410 1670 492 1741 Quod
524 1668 627 1728 uitium
659 1670 689 1727 et
718 1669 872 1727 infirmitas
903 1670 943 1728 sit
970 1669 1082 1729 animae
1110 1670 1140 1728 in
1170 1680 1256 1746 opere
1284 1687 1336 1731 suo
1364 1670 1406 1729 ita

408 1759 588 1834 requiescere
612 1757 696 1833 qnasi
718 1758 748 1817 in
771 1774 883 1818 summo
906 1759 995 1820 bono.

297 1852 385 1911 XIIII
407 1848 533 1923 Requies
557 1846 604 1905 (lei
628 1846 707 1906 dicta
728 1847 852 1922 tropice.

332 1939 385 1999 XV
406 1939 473 1997 Non
496 1938 527 1996 ln
550 1936 637 1996 nobis
659 1937 712 1995 set
733 1936 765 1995 in
787 1936 842 1996 deo
865 1936 1113 2011 requiescendum.
1424 1956 1451 1996 rs

322 2026 390 2089 XVI
413 2027 497 2097 Quod
518 2026 586 2085 finis
609 2024 667 2084 dlei
688 2041 814 2100 uespera
831 2024 879 2095 sit,
899 2025 930 2083 it
954 2028 999 2085 est
1021 2042 1087 2097 nor,
1108 2028 1137 2085 et
1155 2026 1268 2085 initium
1284 2027 1406 2086 alterum

410 2116 466 2176 diei
499 2132 597 2187 mane,
630 2116 664 2173 ut
696 2113 797 2174 ordine
829 2114 955 2173 naturali
988 2114 1050 2175 dies
1082 2134 1101 2174 a
1131 2115 1197 2175 luce
1229 2119 1406 2192 agnoscatur

408 2223 548 2280 rncrpere.

307 2297 391 2357 XVII
412 2294 469 2354 Hic
499 2293 625 2353 lucidius
658 2292 729 2351 dicit
754 2293 841 2351 finem
870 2292 928 2352 diei
959 2310 1111 2369 uesperam
1140 2310 1204 2353 esse
1232 2297 1262 2353 et
1288 2294 1406 2353 alterius

409 2384 524 2443 initium
547 2398 642 2441 mane.
1424 2401 1450 2441 ec

291 2478 390 2536 XVIII
411 2475 451 2534 Ilt
471 2472 521 2533 hic
543 2472 574 2532 in
596 2489 721 2547 uespera
742 2470 820 2530 liniri
844 2470 920 2530 diem
944 2472 1082 2532 ostendit.

271 2567 387 2626 XVIIII
410 2563 517 2636 Quaeri
538 2564 646 2638 potest,
666 2561 906 2638 quemadmodum
930 2561 1001 2622 deus
1023 2562 1055 2621 in
1078 2561 1197 2637 seipso
1221 2561 1404 2637 requieuerit,

411 2653 461 2728 qui
484 2653 514 2711 in
537 2653 624 2711 rebus
646 2650 717 2710 ficet
738 2651 775 2710 ab
800 2668 831 2710 se
855 2651 960 2710 creatis
983 2654 1130 2726 tamquam
1152 2650 1261 2711 nullius
1288 2651 1405 2726 indigus

409 2758 468 2801 non
497 2744 574 2800 recte
603 2739 710 2799 (licitur
735 2739 782 2798 nel
811 2739 939 2799 creditur
961 2739 1150 2816 requieuisse,
1175 2743 1204 2800 et
1225 2743 1320 2800 utrum
1344 2741 1406 2800 dies

409 2830 549 2906 septimus
572 2831 706 2889 creatura
728 2828 767 2888 sit
789 2828 898 2903 aliqua.
1423 2847 1450 2888 rs

340 2922 392 2980 XX
413 2920 494 2980 llicit
519 2936 606 2994 posse
634 2918 677 2978 sic
705 2917 847 2992 intellegi,
876 2921 910 2976 ut
936 2933 1024 2977 unum
1053 2917 1129 2977 diem
1158 2919 1300 2978 creauerit
1322 2919 1403 2986 deus.

408 3026 493 3083 quern
524 3007 596 3067 fecit
627 3007 759 3081 primum,
790 3006 872 3065 cuins
905 3005 1039 3082 repetitio
1069 3024 1161 3082 usque
1192 3006 1224 3066 in
1251 3008 1405 3084 septimum

407 3098 487 3158 facta
514 3100 566 3164 est.
595 3096 710 3170 quando
742 3095 849 3156 dicitur
876 3095 1055 3170 requienisse
1087 3097 1159 3156 deus
1191 3097 1227 3156 ab
1261 3097 1404 3168 omnibus,

410 3205 484 3262 qnae
506 3184 585 3247 fecit.

318 3277 386 3382 XXI
406 3275 463 3336 Hic
482 3275 585 3351 incipit
603 3274 717 3345 docere,
738 3274 883 3348 quomodo
906 3274 1000 3349 possit
1022 3273 1116 3350 accipi
1134 3291 1220 3333 mane
1239 3277 1269 3334 et
1283 3292 1406 3351 uespera
1424 3292 1451 3332 eo

408 3382 467 3424 non
495 3364 652 3424 secuntum
682 3363 760 3438 quod
787 3365 888 3422 notum
918 3365 963 3422 est
990 3363 1077 3422 etlam
1100 3363 1234 3423 sensibus
1258 3365 1353 3424 camis
1375 3364 1406 3423 in

410 3455 589 3529 temporibus
612 3453 664 3512 sed
687 3453 845 3512 secundnm
874 3451 1094 3528 intellegibilem
1121 3453 1273 3512 modum
1265 3471 1297 3512 rn
1320 3453 1406 3512 rebus

410 3544 501 3603 adeo
526 3542 641 3614 creatis,
659 3545 693 3601 ut
709 3558 795 3600 mane
818 3541 856 3600 sit
878 3541 972 3616 prima
994 3541 1132 3616 cogitatio
1155 3541 1306 3626 faciendae
1325 3559 1407 3602 crea·

409 3636 490 3693 turae
513 3633 544 3692 in
567 3632 657 3692 norbo
682 3631 730 3691 dei
749 3634 779 3690 et
796 3647 921 3704 uespera
939 3629 979 3689 sit
995 3629 1091 3690 factae
1110 3633 1259 3691 creaturae
1278 3631 1405 3708 cognitio

408 3723 439 3782 in
467 3740 499 3781 se
526 3723 608 3796 ipsa,
637 3723 667 3779 et
704 3736 804 3780 rursus
837 3719 955 3778 alterins
988 3720 1045 3778 diei
1077 3736 1163 3778 mane
1197 3737 1261 3780 cum
1293 3721 1406 3796 species
1425 3736 1450 3777 es

412 3816 561 3871 creaturae
592 3811 630 3870 ad
661 3809 777 3868 landem
810 3808 948 3868 creatoris
980 3807 1103 3868 refertur
1131 3811 1160 3868 ct
1186 3809 1290 3886 incipit
1316 3810 1407 3870 altera

411 3901 540 3976 cognitio
563 3899 714 3958 faciendae
737 3897 856 3956 alterins
881 3899 1030 3957 creaturae
1055 3899 1090 3957 de
1108 3899 1197 3958 uerbo
1217 3899 1264 3958 dei
1283 3899 1407 3975 accipiat

410 3992 444 4049 ut
464 3989 496 4049 in
518 3989 608 4048 uerbo
633 3988 680 4047 (lei
701 3987 805 4048 uideri.

305 4081 388 4140 XXII
411 4079 495 4150 Quod
517 4077 673 4153 prophetia
694 4077 814 4135 lucerna
837 4075 876 4134 sit
898 4075 986 4137 (licta.

296 4265 389 4320 taint
405 4269 474 4319 nul
557 4263 753 4334 5qucdm.1
839 4261 872 4315 10
891 4265 959 4331 aput
975 4265 1045 4316 m.1
1128 4262 1161 4317 18
1179 4263 1320 4389 inculpare
1338 4269 1408 4332 Μ

263 4339 296 4392 19
314 4353 428 4406 uespera
446 4339 515 4390 net
577 4337 612 4388 23
631 4335 664 4397 al)
685 4335 714 4399 (b
733 4350 793 4402 emp.
811 4349 846 4386 m.
866 4335 896 4400 2)
978 4333 1107 4403 indiguus
1125 4339 1194 4388 m.1
1270 4335 1408 4390 terserit

261 4427 295 4465 m.
315 4413 330 4462 1
383 4408 418 4462 27
437 4407 528 4478 quern]
549 4422 618 4476 quae
635 4409 705 4462 m.1
759 4406 793 4460 89
813 4403 885 4473 quod
905 4403 933 4471 (d
951 4419 972 4459 a.
994 4403 1011 4458 l.
1030 4422 1064 4460 m.
1083 4409 1109 4474 1)
