3159 4950
252 501 317 566 308
612 497 638 552 S.
667 491 1049 567 Aureli‘rtugnstini

253 697 357 760 tores
380 691 592 760 constituti
615 693 703 757 sunt
730 690 853 770 multi,
881 691 937 757 ite
964 694 1002 756 et
1027 709 1093 773 per
1115 691 1228 758 unius
1251 690 1400 757 oboedi-

255 799 393 867 entiam
423 799 522 864 iusti
553 797 840 866 constituentur
871 797 995 863 multi.
1028 815 1065 862 ex
1096 797 1148 863 bis
1174 797 1259 862 enim
1289 797 1398 865 uerbis

254 905 391 990 apostoli
409 904 464 990 qui
483 905 656 972 defendunt
678 904 856 970 animarum
876 903 1084 988 propaginem
1100 905 1292 970 sententiam
1310 922 1401 970 suam

254 1012 302 1078 sic
320 1010 481 1079 adstruere
500 1012 695 1078 moliuntur:
720 1011 745 1076 si
772 1010 952 1079 secundnm·
967 1011 1068 1078 solam
1086 1029 1224 1089 earnem,
1241 1009 1400 1094 inquiunt,

254 1121 363 1202 potest
392 1118 537 1204 intellegi
569 1121 737 1202 peccatum
769 1119 823 1183 uel
853 1119 1012 1201 peccator,
1035 1135 1098 1184 non
1121 1118 1266 1204 cogimur
1291 1117 1325 1183 in
1351 1117 1402 1184 bis
1433 1139 1448 1180 e

255 1225 362 1293 nertin
386 1245 422 1292 er
444 1225 628 1310 parentibus
653 1224 793 1290 animam
814 1222 958 1300 credere3
987 1223 1015 1290 si
1042 1227 1149 1290 autem
1172 1224 1321 1306 quamuis
1348 1242 1405 1308 per

255 1331 448 1399 inlecebram
480 1331 583 1396 cernis
615 1350 678 1398 non
711 1333 817 1396 tamen
849 1331 962 1415 peccet
996 1328 1061 1398 nisi
1097 1324 1211 1409 anima,
1242 1329 1403 1414 quomodo

258 1436 477 1521 accipiendum
500 1439 559 1518 est,
585 1437 670 1522 quod
693 1436 817 1502 dietum
843 1438 912 1504 est:
944 1435 984 1502 in
1014 1455 1085 1520 quo
1119 1455 1245 1503 omnes
1277 1455 1404 1522 pecca·

259 1549 407 1626 uerunt,
439 1546 468 1612 si
501 1565 563 1612 non
588 1563 625 1610 ex
646 1543 752 1610 Adam
773 1544 871 1610 etism
892 1543 1000 1639 anima
1021 1545 1107 1612 siout
1133 1563 1205 1612 caro
1232 1549 1406 1630 propagata

260 1655 334 1718 est?
357 1655 414 1720 eut
436 1651 597 1736 quomodo
622 1669 689 1734 per
715 1648 805 1717 illiue
832 1649 1157 1718 inoboedientiam
1182 1654 1405 1736 peccatores
1424 1671 1450 1712 ιο

260 1759 466 1828 constituti
499 1761 598 1836 sunt,
631 1757 660 1822 si
687 1758 814 1822 tantum
841 1758 1019 1824 secuudum
1045 1775 1172 1824 omnem
1197 1757 1235 1825 in
1252 1758 1321 1838 illo,
1344 1776 1405 1824 non

260 1865 357 1936 etiarn
380 1864 555 1932 secundum
576 1863 715 1932 enimam
736 1863 891 1930 fuorunt?

305 1971 491 2044 damnum
527 1974 579 2037 est
612 1969 709 2050 enim,
741 1989 780 2036 ue
812 1971 866 2037 uel
898 1970 977 2036 dena
1008 1971 1156 2040 uideatur
1191 1974 1302 2038 auctor
1337 1991 1408 2038 esse

260 2075 443 2162 pontelini
465 2076 522 2144 dat
544 2076 681 2146 animam
706 2075 802 2156 cerui,
820 2077 853 2142 in
875 2097 939 2162 qua
960 2097 1032 2144 eam
1054 2097 1185 2163 peecare
1206 2096 1336 2147 neeesse
1354 2079 1408 2155 eit,

261 2185 314 2252 uel
336 2184 443 2269 possit
464 2203 535 2250 esse
559 2185 664 2250 anime
685 2185 810 2268 praeter
831 2183 935 2268 ipsius
958 2183 1089 2264 Christi,
1112 2184 1165 2253 oni
1186 2185 1368 2253 liberandae
1390 2203 1455 2250 an

261 2293 391 2375 peccato
415 2309 477 2356 non
502 2288 545 2359 sit
567 2289 741 2355 christiana
762 2287 867 2374 gratia
883 2289 1071 2369 necessarie,
1089 2289 1245 2373 quianon
1262 2289 1410 2375 peccauit

262 2397 295 2462 in
314 2395 426 2476 Adam,
450 2395 479 2462 si
502 2411 612 2462 omnes
635 2393 728 2460 ineo
752 2412 903 2479 peccasse
926 2393 1100 2464 secundum
1123 2413 1249 2462 ornnem
1272 2399 1408 2472 tuntum,

264 2523 344 2589 quae
368 2504 407 2569 de
428 2504 486 2569 isso
510 2505 616 2572 create
634 2504 698 2583 est,
721 2521 783 2569 non
807 2502 904 2569 etiem
925 2500 1102 2569 secundum
1128 2503 1266 2572 animan
1289 2503 1409 2571 dictum

265 2614 314 2677 est
323 2632 334 2675 :v
361 2609 446 2693 quod
474 2628 577 2694 usque
604 2609 683 2675 adeo
712 2608 906 2677 contrarium
932 2612 984 2675 eet
1009 2609 1244 2677 ecclesiasticae
1266 2609 1352 2687 fidei,
1374 2614 1413 2675 ut

264 2719 410 2801 parentes
432 2714 473 2780 ad
494 2714 730 2800 percipiendam
753 2713 890 2799 gretiam
916 2714 1020 2781 sancti
1045 2715 1198 2799 baptismi
1220 2715 1316 2783 etiam
1339 2734 1412 2781 cunr
1430 2741 1457 2783 ao

265 2822 409 2907 paruulis
432 2824 528 2903 atque
551 2820 726 2888 iniaudbus
750 2824 890 2898 currant,
912 2820 1086 2903 inquibus
1113 2822 1141 2887 si
1165 2822 1225 2889 boc
1247 2820 1410 2889 uinculum

265 2928 389 3013 peccati
421 2927 569 3005 soluitur,
603 2926 688 3012 quod
720 2927 941 2995 tantummodo
973 2928 1087 3008 carnia
1114 2947 1177 2995 non
1204 2927 1301 2998 etiem
1327 2928 1414 3012 qood

268 3035 390 3101 animae
413 3037 474 3113 est,
496 3034 610 3101 merito
629 3034 804 3117 quaeritur,
821 3034 899 3117 quid
916 3034 965 3101 eis
982 3034 1121 3113 obesset,
1140 3035 1170 3102 si
1185 3036 1223 3101 in.
1236 3036 1294 3103 ilia
1310 3039 1414 3102 aetate

268 3144 450 3225 decerpere
469 3140 537 3206 sine
555 3140 714 3226 baptismo
733 3140 862 3209 exirent.
881 3141 910 3207 ei
927 3141 1012 3207 onim
1030 3160 1086 3225 por
1102 3142 1163 3208 boc
1181 3145 1414 3209 mamercum

270 3248 394 3333 corpori
417 3264 525 3317 eorum
550 3247 738 3326 consulitur,
762 3266 825 3315 non
849 3253 883 3313 et
909 3247 1042 3328 animae,
1066 3247 1216 3315 deberent
1237 3252 1271 3314 et
1295 3248 1415 3314 mortui
1433 3272 1460 3313 as

268 3353 434 3439 baptisarir
462 3358 597 3423 etcum
623 3354 791 3421 uideamus
818 3354 880 3421 boc
902 3354 1126 3423 uniuersaliter
1152 3354 1320 3422 ecclesiam
1341 3356 1414 3420 reti·

270 3480 354 3541 nere,
381 3463 419 3525 ut
446 3477 519 3527 cum
548 3460 732 3527 uiuentibus
761 3466 906 3528 curratur
931 3464 966 3527 et
990 3461 1176 3529 uiuentibus
1203 3465 1415 3531 snecunntnr.

271 3586 320 3645 ne,
350 3586 422 3632 eum
455 3567 574 3634 mortui
605 3566 733 3644 fuerint,
762 3567 842 3633 nibil
873 3567 940 3633 lieri
972 3568 1076 3652 possit
1103 3568 1188 3653 qnod
1213 3568 1325 3653 prosit,
1352 3588 1414 3633 non

271 3674 429 3753 uidemus,
455 3674 531 3759 quid
553 3673 641 3739 aliud
667 3673 773 3757 possit
793 3673 948 3760 intellegi,
976 3674 1040 3739 nisi
1068 3693 1324 3758 unumquemque
1346 3694 1416 3758 par·

308 3862 390 3933 3qui
410 3864 432 3929 (i
447 3880 508 3935 arcp.
529 3881 543 3919 e
561 3880 693 3933 eoperser.
712 3880 749 3917 m.
768 3864 795 3933 1)
814 3863 843 3917 P
912 3863 1073 3919 tabuere
1091 3864 1208 3923 PRde
1259 3866 1418 3937 brogirnur

274 3953 432 4023 (ierem.
453 3950 521 4020 1)R
575 3951 754 4023 6e1]·axS
826 3952 1219 4023 10qu0nodos.t.n.112
1292 3954 1323 4008 11
1344 3958 1418 4015 sunt.

274 4042 308 4113 si]
329 4044 394 4095 sunt
411 4040 503 4097 multi:
523 4040 583 4115 sib
656 4042 690 4097 13
709 4058 770 4111 cop.
789 4040 839 4095 XV
857 4041 888 4097 E
956 4043 1002 4112 ne]
1024 4041 1116 4107 oscine
1133 4042 1165 4097 E
1236 4044 1269 4099 15
1286 4042 1421 4115 possets

273 4128 412 4203 liuerande
430 4127 468 4185 P¹
557 4131 590 4184 21
611 4129 732 4202 parbulis
750 4131 779 4185 P
866 4130 901 4186 22
920 4129 1037 4185 solbitnr
1053 4131 1082 4185 P
1150 4148 1205 4186 non
1224 4132 1337 4189 alne
1357 4131 1418 4187 112

275 4220 310 4273 24
329 4218 460 4281 exaiarent
478 4224 504 4287 (e
523 4222 605 4289 eras)
624 4218 653 4276 R
701 4220 736 4275 25
756 4220 860 4289 corpori
880 4235 972 4275 eorum
991 4223 1021 4273 et
1037 4236 1093 4275 non
1111 4220 1217 4275 munte
1235 4220 1384 4277 consulitur
1402 4220 1417 4274 t

276 4305 475 4363 eccleclesiam
500 4306 530 4363 u·
618 4307 809 4376 urrunnun]
835 4312 1007 4373 succurratur
1023 4308 1054 4364 Ε
1142 4307 1177 4364 28
1199 4310 1290 4380 possit
1306 4309 1364 4365 lteri
1383 4308 1420 4364 bd

277 4395 311 4449 29
331 4394 450 4464 intelligi
468 4394 495 4449 P
565 4394 709 4467 parbulum
727 4393 765 4450 P¹
