3159 4950
455 456 496 510 de
525 456 670 511 Genesi
696 456 741 511 ed
767 457 951 513 litteram
980 458 1044 513 lib.
1073 458 1135 515 XII.
1297 464 1360 527 387

216 653 350 737 ipsum,
382 654 445 719 tria
475 652 637 718 uisiounm
669 671 784 738 genera
816 657 999 719 occurrunt:
1033 674 1132 720 unum
1160 674 1216 737 per
1239 657 1361 735 oculos,

216 763 332 845 quibus
354 761 444 844 ipsae
466 761 590 825 litterae
613 759 772 838 uidentur,
798 760 931 825 alterum
960 780 1017 844 per
1040 761 1188 845 spiritum
1212 762 1361 841 hominis,

216 887 279 951 quo
311 867 473 952 proximus
506 869 539 930 et
570 865 685 930 absens
722 865 889 950 cogitatur,
927 866 1058 931 tertium
1094 885 1150 950 per
1183 868 1361 932 contuitum

215 972 343 1048 mentis,
366 990 429 1054 que
452 971 522 1054 ipsa
544 969 674 1035 dilectio
701 970 867 1035 intellecta
891 972 1094 1054 conspicitur.
1127 972 1160 1037 in
1184 973 1234 1039 his
1257 973 1362 1039 tribus

185 1100 198 1139 ⁵
216 1079 384 1163 generibus
406 1077 488 1142 illud
509 1076 647 1160 primum
667 1076 873 1143 manifestum
893 1081 943 1143 est
962 1078 1123 1157 omnibus;
1146 1080 1179 1145 in
1198 1080 1259 1145 hoc
1277 1079 1361 1145 enim

214 1185 342 1251 uidetur
364 1186 488 1251 caelum
512 1187 545 1249 et
567 1186 651 1247 terra
674 1186 707 1249 et
730 1184 847 1262 omnia,
866 1204 945 1268 quae
969 1186 1001 1251 in
1026 1186 1071 1251 eis
1096 1186 1268 1273 conspicua
1285 1190 1363 1252 sunt

214 1291 315 1357 oculis
356 1292 486 1357 nostris.
528 1308 587 1355 nec
627 1289 708 1354 illud
751 1292 898 1369 alterum,
941 1311 1003 1373 quo
1044 1292 1190 1359 absentia
1231 1312 1363 1376 corpora

213 1398 386 1482 corporalia
418 1398 608 1481 cogitantur,
640 1396 801 1461 insinuare
835 1397 964 1463 difficile
1003 1403 1065 1475 est;
1098 1400 1205 1484 ipsum
1243 1400 1361 1484 quippe

212 1506 336 1571 caelum
360 1508 393 1569 et
414 1506 530 1569 terram
555 1507 588 1569 et
611 1522 657 1582 ea,
682 1504 819 1587 quaein
844 1504 889 1569 eis
914 1504 1022 1570 uidere
1050 1524 1233 1589 possumne,
1262 1508 1359 1572 etiam

168 1628 194 1668 ιο
212 1612 244 1677 in
277 1610 418 1677 tenebris
451 1610 619 1677 constituti
652 1611 844 1695 cogitamus,
878 1611 933 1675 nbi
966 1612 1047 1678 nihil
1079 1613 1225 1679 uidentes
1257 1614 1359 1681 oculis

211 1719 363 1804 corporis,
396 1718 501 1783 animo
539 1721 646 1783 tamen
684 1719 864 1802 corporales
901 1719 1055 1802 imagines
1092 1719 1263 1799 intuemur,
1301 1741 1359 1786 scu

210 1845 313 1903 ueras,
337 1824 515 1908 sicutipse
537 1844 668 1907 corpora
690 1824 831 1890 uidimus
856 1828 888 1891 et
911 1826 1064 1891 memoria
1091 1828 1275 1907 retinemus,
1301 1848 1358 1895 seu

209 1933 312 2011 fictas,
337 1932 423 1998 sicut
445 1932 597 2016 cogitatio
620 1932 755 1997 formare
777 1932 927 2015 potnerit.
958 1932 1049 1998 aliter
1071 1934 1155 1999 enirn
1178 1936 1358 2019 cogitamus

211 2040 444 2125 Carthaginem,
472 2056 569 2120 quam
601 2038 761 2115 nouimus,
795 2035 887 2103 aliter
909 2039 1141 2119 Alexandriam,
1172 2060 1266 2124 quam
1295 2063 1357 2109 non

166 2177 193 2214 re
211 2147 370 2212 nouimus.
390 2144 520 2209 tertium
539 2163 615 2210 uero
633 2144 724 2223 illud,
741 2163 803 2227 quo
824 2144 952 2211 dileetio
971 2146 1135 2213 intellecta
1153 2148 1358 2230 conspicitur,

211 2272 264 2318 eas
286 2272 337 2317 res
361 2251 511 2328 continet,
536 2269 616 2333 quae
639 2270 701 2315 non
725 2250 844 2315 habent
865 2251 1021 2337 imagines
1046 2252 1096 2319 sui
1120 2253 1252 2336 similes,
1277 2276 1358 2339 quae

210 2378 270 2426 non
300 2360 376 2424 sunt
402 2356 488 2440 quod
514 2357 614 2439 ipsae.
647 2376 720 2421 narn
743 2356 839 2423 homo
864 2358 918 2423 uel
941 2358 1033 2423 arbor
1055 2360 1109 2424 uel
1133 2361 1182 2425 sol
1207 2365 1239 2425 et
1263 2382 1357 2446 quae-

210 2485 346 2550 cumque
373 2465 436 2531 elia
463 2483 604 2549 corpora,
634 2464 704 2530 siue
733 2464 885 2530 caelestia
913 2464 982 2530 siue
1010 2466 1181 2546 terrestria,
1210 2471 1243 2534 et
1268 2489 1356 2553 pree-

209 2574 311 2640 sentia
347 2573 498 2638 uidentur
532 2572 564 2637 in
602 2570 670 2637 suis
707 2571 818 2636 formis
852 2574 884 2635 et
925 2565 1083 2637 absentia'
1105 2575 1288 2658 cogitantur
1323 2578 1354 2643 in

166 2720 193 2760 ,θ
207 2680 401 2766 imaginibus
429 2679 533 2744 animo
561 2678 715 2762 inpressis
752 2682 785 2744 et
817 2679 941 2745 iaciunt
967 2679 1030 2745 duo
1059 2699 1175 2764 genera
1197 2682 1355 2749 uisurum:

208 2808 308 2853 unum
338 2805 395 2870 per
426 2785 566 2870 eorporis
599 2805 724 2864 sensus,
758 2786 894 2851 alterum
925 2805 982 2869 per
1014 2787 1172 2870 spiritum,
1197 2809 1259 2872 quo
1282 2790 1356 2857 illae

206 2894 362 2979 imagines
391 2893 602 2959 eontinentur.
637 2891 768 2958 dilectio
797 2897 905 2957 autem
932 2893 1088 2976 numquid
1112 2895 1204 2960 aliter
1226 2897 1357 2964 uidetur

207 3019 358 3085 praesens
379 3000 412 3064 in
435 2999 552 3083 specie,
577 3017 640 3082 qna
661 3001 722 3075 est,
742 3001 775 3063 et
794 2999 886 3064 aliter
908 2999 1022 3064 absens
1041 3000 1074 3064 in
1093 2999 1200 3085 eliqua
1217 3003 1355 3089 imagine

208 3108 259 3174 sni
282 3107 401 3174 simili?
429 3125 491 3172 non
520 3105 632 3188 utique
648 3157 655 3170 .
671 3105 728 3170 sed
756 3109 909 3189 quantum
935 3108 1040 3172 mente
1065 3109 1149 3173 cerni
1172 3114 1289 3192 potest,
1314 3113 1354 3177 ab

165 3253 192 3292 ,5
208 3215 270 3281 alio
301 3214 416 3298 magis,
450 3213 489 3278 ab
521 3214 583 3278 alio
616 3212 723 3278 minus
755 3213 827 3296 ipsa
859 3213 1011 3292 cernitnr;
1046 3214 1073 3278 si
1102 3217 1209 3280 autem
1233 3219 1353 3301 aliquid

208 3320 377 3405 corporalis
400 3320 549 3405 imaginis
573 3319 740 3405 cogitatur,
765 3339 827 3384 non
850 3319 920 3403 ipsa
943 3323 1089 3386 cernitur.

253 3429 283 3493 7.
321 3429 410 3492 Haec
447 3429 524 3492 sunt
559 3425 619 3489 tria
657 3444 772 3509 genera
808 3425 983 3504 uisionum,
1023 3426 1061 3491 de
1099 3427 1215 3510 quibus
1253 3433 1285 3494 et
1320 3432 1352 3496 in

207 3533 421 3618 superioribus
448 3532 539 3598 libris
567 3531 688 3615 aliquid
716 3531 865 3612 diximus,
890 3531 977 3597 sicut
1000 3550 1051 3598 res
1079 3535 1241 3616 postulare
1264 3537 1351 3602 uide·
1430 3589 1435 3597 .

244 3745 378 3814 lgenere
397 3742 532 3797 nisionnm
551 3740 612 3796 SM
664 3741 770 3809 aquo·
786 3739 816 3806 (d
834 3742 882 3808 cr.)
902 3741 930 3797 Β
985 3740 1127 3796 labeanti
1145 3741 1182 3795 P¹
1241 3759 1352 3814 corpora

206 3850 257 3889 om.
271 3831 385 3888 PRde
439 3829 649 3900 iicogitatan
665 3826 856 3898 cogitentan
907 3829 1045 3883 sternio
1102 3830 1134 3883 12
1153 3830 1275 3886 uidemus
1289 3833 1354 3889 Poe

207 3923 240 3977 13
258 3921 385 3990 formare]
402 3919 582 3990 imaginarii
620 3918 654 3971 14
672 3917 840 3986 cameginem
857 3915 886 3971 Β
940 3933 994 3972 non
1012 3934 1033 3972 s.
1054 3917 1071 3973 l.
1091 3935 1125 3974 m.
1145 3918 1203 3972 18
1239 3921 1270 3975 15
1287 3925 1351 3994 qno]

206 4009 325 4080 quodR
397 4011 428 4062 16
446 4025 501 4063 non
519 4024 570 4063 om.
589 4005 628 4060 P¹
718 4012 787 4076 qnae
808 4005 861 4070 (sic
878 4021 947 4061 corr.
965 4023 998 4060 m.
1019 4010 1047 4073 1)
1066 4006 1094 4062 Β
1168 4009 1200 4062 17
1219 4009 1277 4078 ipse
1295 4011 1352 4067 ER

205 4114 390 4170 qaaecumque
411 4099 466 4166 (pr.
487 4114 501 4150 e
519 4112 542 4152 a.
563 4095 580 4150 l.
600 4112 634 4148 m.
652 4095 678 4164 1)
696 4095 726 4149 E
798 4094 831 4149 19
850 4093 977 4148 uidentur
1000 4095 1027 4165 (n
1046 4112 1067 4150 e.
1090 4095 1106 4149 l.
1126 4101 1204 4164 m.1)
1224 4097 1254 4151 Ε
1322 4100 1350 4153 in

204 4202 255 4242 om.
274 4186 379 4242 Pauo
431 4185 465 4240 20
484 4185 616 4254 inpraesie
634 4184 662 4238 P
678 4181 867 4253 inpraeesisR
922 4183 953 4236 21
976 4200 1043 4253 qno·
1058 4183 1086 4252 (d
1105 4187 1153 4252 cr.)
1167 4185 1197 4240 Ε
1265 4187 1353 4242 illcP

204 4277 239 4329 22
258 4274 368 4329 delictio
387 4273 415 4328 P
471 4273 506 4327 23
525 4269 678 4343 prosensS
746 4269 897 4341 speciaeS
952 4269 987 4324 24
1006 4271 1138 4326 similist
1199 4274 1234 4328 25
1252 4275 1350 4346 magis]

203 4365 292 4418 maius
308 4361 375 4418 Εἰς

1246 4467 1295 4522 25*
