3159 4950
278 465 321 527 34
630 461 656 515 S.
679 461 816 514 Aureli
846 461 1066 530 Augustini

279 659 388 734 scitur
418 656 502 739 quod
531 655 628 720 etiam
657 674 752 738 super
779 674 878 737 aquas
907 675 980 721 oum
1008 659 1096 720 esset
1125 675 1187 722 non
1219 656 1300 739 ipsis
1333 658 1428 739 aquis

277 765 473 848 portabatur,
503 762 560 827 sed
589 781 729 846 conpage
757 765 859 827 torrae
886 763 1064 842 tenebatur,
1093 763 1177 829 sicut
1204 782 1275 828 sese
1307 764 1429 830 habent

278 889 420 937 camerac
444 870 677 954 speluncarum.

322 978 384 1042 Hic
412 977 548 1042 occurrit
577 975 744 1041 admonere
772 975 950 1041 cauendum
978 996 1123 1053 errorem,
1157 997 1251 1060 quem
1283 979 1314 1042 in
1342 979 1427 1045 libro

277 1086 378 1170 primo
395 1083 571 1149 cauendum
586 1082 706 1158 monui,
722 1102 760 1146 ne
776 1082 869 1160 forte,
890 1083 965 1165 quia
982 1083 1135 1167 scriptum
1156 1088 1206 1149 est
1223 1085 1256 1149 iu
1269 1086 1426 1152 Psalmis:
1458 1111 1472 1148 s

277 1193 453 1258 fundauit
475 1195 615 1256 terram
639 1208 751 1271 super
774 1208 921 1271 aquam,
950 1191 1117 1255 arbitretur
1140 1192 1256 1274 aliquis
1279 1197 1426 1259 nostrum

277 1301 430 1366 aduersus
444 1299 526 1364 istos
542 1297 580 1362 ds
596 1295 789 1381 ponderibus
805 1296 1033 1362 elementomm
1052 1298 1214 1362 subtiliter
1231 1299 1427 1366 disserentes

274 1409 338 1474 isto
362 1405 548 1472 testimonio
573 1403 804 1486 scripturarum
828 1421 899 1468 esse
921 1403 1097 1480 nitendum,
1123 1405 1198 1486 quia
1220 1405 1269 1470 illi
1291 1425 1355 1471 non
1378 1426 1426 1471 re-

275 1515 355 1581 tenti
384 1512 573 1578 auctoritate
596 1510 776 1575 litterarum
800 1513 980 1575 nostrarum
1004 1511 1037 1574 et
1059 1512 1249 1589 nescientes,
1274 1515 1426 1595 quemad·

277 1620 405 1688 modum
436 1619 557 1683 dictum
586 1617 638 1694 sit,
667 1617 766 1682 libros
796 1618 923 1681 sanctos
951 1616 1078 1682 facilius
1113 1617 1297 1684 inridebunt
1328 1640 1425 1702 quam
1446 1643 1472 1680 ro

277 1727 358 1793 illud
381 1725 602 1808 repudiabunt,
627 1722 711 1805 quod
735 1722 789 1788 uel
813 1723 908 1788 certis
934 1724 1110 1789 rationibus
1136 1728 1345 1808 perceperunt
1369 1726 1426 1791 uel

276 1832 500 1917 experimentis
537 1831 808 1896 manifestissimis
844 1831 1065 1913 probauerunt.
1107 1832 1189 1897 illud
1221 1852 1357 1914 namque
1390 1834 1424 1897 iu

275 1940 414 2006 Psalmis
439 1941 494 2003 aut
516 1938 651 2021 figurate
675 1936 797 2001 dictum
821 1940 906 2002 recte
930 1937 1031 2020 accipi
1058 1941 1175 2022 potest,
1199 1943 1246 2016 ut,
1271 1940 1424 2021 quoniam

275 2048 354 2113 caeli
379 2049 411 2111 et
433 2048 534 2110 terrae
558 2044 684 2108 nomine
709 2063 803 2124 saepe
827 2043 858 2107 in
882 2043 1018 2109 ecclesia
1036 2045 1196 2127 spiritales
1215 2047 1424 2128 carnalesque

275 2153 505 2239 significantur,
535 2151 640 2215 caelos
674 2150 851 2214 ostenderit
877 2151 1032 2232 pertinere
1061 2152 1101 2216 ad
1128 2171 1271 2217 serenam
1297 2153 1424 2217 intelle·
1444 2175 1467 2212 s
1547 2228 1548 2239 ἵ

275 2261 416 2345 gentiam
431 2257 579 2322 ueritatis
595 2257 719 2322 dicens:
740 2258 804 2338 qui
823 2258 918 2322 lecit
937 2258 1062 2323 caelos
1080 2260 1117 2323 iu
1136 2259 1422 2343 intellegentia

272 2371 388 2432 terram
417 2385 493 2431 uero
523 2364 563 2429 ad
590 2363 685 2428 fidem
719 2363 898 2446 simplicem
930 2366 1135 2445 paruulorum
1164 2385 1225 2432 non
1263 2367 1423 2431 fabulosis

276 2474 476 2557 opinionibus
500 2472 652 2537 incertam
677 2471 771 2552 atque
795 2471 950 2547 fallacem,
980 2471 1036 2536 sed
1063 2472 1248 2556 prophetica
1271 2478 1304 2538 ct
1326 2494 1423 2539 euan-

273 2580 375 2663 gelica
389 2578 622 2662 praedicatione
638 2577 864 2652 firmissimam,
880 2597 960 2659 quae
975 2598 1031 2660 per
1043 2579 1240 2661 baptismum
1254 2581 1421 2658 solidatur,

274 2689 305 2751 et
327 2686 399 2750 ideo
424 2684 596 2751 subiecerit
619 2683 747 2748 dicens:
772 2682 950 2747 fundauit
972 2687 1109 2748 terram
1134 2704 1248 2768 super
1271 2706 1420 2769 aquam;
1439 2712 1465 2751 ao

273 2796 338 2867 aut,
359 2792 387 2856 si
410 2792 449 2856 ad
468 2792 608 2856 litteram
628 2792 714 2875 cogit
734 2792 903 2874 quisquam
920 2791 1075 2875 intellegi,
1095 2811 1157 2857 uon
1176 2793 1422 2877 incongruenter

272 2902 325 2964 uel
345 2898 495 2964 sublimia
513 2901 677 2974 terrarum,
698 2898 767 2961 siue
793 2898 1022 2962 continentium
1042 2898 1111 2962 siue
1129 2899 1317 2976 insularum,
1338 2903 1420 2966 acci·

272 3008 411 3091 piantur,
437 3024 517 3087 quae
541 3005 704 3086 superiora
727 3008 803 3069 sunt
826 3006 927 3087 aquis,
955 3006 1010 3070 uel
1033 3006 1103 3088 ipsa
1125 3008 1269 3091 tegmina
1291 3010 1420 3090 spelun·

272 3134 394 3191 carum,
433 3132 512 3196 quae
550 3130 646 3193 super
682 3130 779 3193 aquas
813 3111 951 3193 pendula
983 3112 1144 3178 soliditate
1177 3116 1300 3179 firmata
1333 3121 1419 3181 sunt.

359 3289 376 3339 4
396 3286 428 3341 cf.
449 3304 509 3356 pag.
530 3286 573 3350 28,
593 3286 628 3339 22
647 3302 705 3355 sqq.
762 3287 778 3340 6
797 3286 841 3340 Ps.
863 3287 922 3349 135,
942 3288 959 3340 6
1015 3288 1048 3349 16
1066 3288 1110 3341 Ps.
1132 3288 1192 3352 135,
1212 3290 1237 3342 ὁ.
1544 3288 1546 3369 l

308 3409 415 3481 lquod
433 3426 484 3465 om.
504 3409 542 3462 P¹
596 3411 778 3479 2compagae
797 3410 828 3463 Ε
897 3412 967 3480 sese]
988 3411 1051 3465 seb
1106 3411 1289 3467 3camereS
1337 3417 1418 3468 doc·

271 3501 354 3553 currit
372 3516 422 3554 om.
438 3497 470 3552 8¹
525 3515 677 3552 ammonere
692 3498 757 3552 P¹R
794 3498 1224 3554 badmonuidsdmonuimusb
1266 3502 1420 3571 daqrrasb

271 3586 491 3642 laduersuan
573 3587 760 3641 alimentorum
780 3588 808 3641 R
902 3587 1086 3643 discernentes
1105 3593 1136 3655 (a.
1157 3590 1174 3642 1.
1195 3608 1228 3643 m.
1248 3591 1265 3642 2
1285 3591 1313 3643 al
1332 3592 1417 3645 disse-

269 3678 369 3743 rentes)
389 3676 419 3729 E
488 3676 591 3739 8istos
613 3680 635 3742 (s
649 3676 703 3745 fin.
723 3693 782 3745 cap.
801 3693 836 3731 m.
858 3678 882 3743 l)
902 3678 932 3730 E
1004 3678 1146 3731 nitendum
1164 3678 1205 3733 R¹
1227 3678 1358 3733 utendum
1378 3680 1420 3735 12²

268 3764 474 3819 renitendumb
547 3765 681 3818 retenenti
706 3765 767 3831 (cll.
793 3782 826 3818 en
851 3782 874 3821 s.
898 3768 916 3820 1.
941 3766 993 3820 dcl.
1016 3783 1051 3819 m.
1077 3768 1104 3831 1)
1123 3768 1154 3819 Ε
1241 3768 1416 3837 9quemam·

268 3854 377 3908 rnodunr
396 3853 462 3908 P¹R
514 3854 546 3907 10
560 3853 717 3907 inridebunt
729 3854 767 3907 E¹
813 3856 843 3908 ll
863 3858 1040 3925 perceperunt
1058 3858 1128 3924 (sup.
1147 3872 1196 3924 per
1212 3872 1247 3909 m.
1267 3857 1284 3909 2
1304 3857 1371 3911 odd.
1387 3862 1417 3912 al

269 3946 310 4011 ac)
330 3944 361 3997 E
414 3943 446 3997 13
465 3944 597 4011 figuratae
616 3944 646 3997 E
700 3944 733 3996 14
751 3960 830 4014 saepo
849 3945 876 4013 (a
894 3948 942 4010 er.)
962 3944 992 3997 E
1061 3944 1177 3998 aeclesia
1195 3947 1225 4000 Ε
1279 3947 1312 4000 lb
1330 3947 1416 4016 signi-

267 4032 393 4101 ficantur]
413 4030 563 4100 figurantur
581 4030 596 4083 b
649 4032 682 4084 16
696 4032 896 4101 intellegentia]
915 4032 1058 4086 intellectu
1073 4031 1095 4086 S
1144 4032 1176 4085 19
1194 4033 1381 4102 predicatione
1396 4032 1420 4087 S

269 4120 422 4173 firmissima
440 4117 533 4172 EPR¹
624 4120 704 4187 quac]
727 4136 814 4188 aquae
832 4120 898 4175 PR¹
987 4120 1021 4174 21
1042 4121 1185 4190 quisquam
1209 4121 1284 4191 cogit
1303 4120 1420 4178 PRde

268 4208 389 4278 intelligi
412 4224 470 4261 esse
494 4212 566 4261 terra
588 4211 620 4260 ut
642 4208 729 4277 possit
752 4216 824 4278 aqua
847 4225 977 4279 coequato
1005 4226 1057 4263 non
1085 4210 1298 4279 incongruentur
1318 4228 1376 4281 sqq.
1400 4212 1417 4263 b

268 4300 303 4353 22
323 4296 492 4351 continentia
511 4302 543 4363 (s.
563 4297 580 4350 1.
600 4314 634 4351 nc.
654 4297 670 4349 2
691 4298 755 4351 add.
776 4299 805 4351 al
823 4301 851 4363 a)
870 4299 901 4352 Ε
970 4299 1028 4353 siue
1047 4316 1097 4353 orn.
1116 4299 1145 4353 P
1197 4300 1233 4353 24
1251 4299 1371 4369 pendula
1390 4304 1418 4366 (a

268 4384 478 4453 ecem.l)S
548 4386 694 4456 firmateS
