3159 4950
259 498 323 562 468
420 493 446 547 S.
469 492 586 547 Aureli
609 493 795 563 Augustini
819 493 857 547 de
882 493 1006 549 Genesi
1032 494 1071 548 ad
1092 494 1245 549 litteram

256 692 302 756 ita
333 693 370 755 ut
400 706 497 773 prope
529 687 677 753 uideatur
707 688 739 753 in
771 688 850 753 haec
881 688 954 772 ipsa
985 687 1148 753 nascentia
1180 688 1290 754 cadem
1323 709 1405 774 aqua

257 796 410 864 conuerti.
444 795 592 879 quocirca
628 794 855 879 congruentius
892 813 992 878 aquae
1028 796 1156 861 nomine
1193 798 1405 880 appellaretur

257 904 418 983 materies,
456 923 528 969 cum
566 902 694 967 subdita
732 902 821 986 operi
856 901 987 967 artificis
1023 901 1238 968 insinuaretur
1277 906 1405 988 propter

256 1011 470 1077 mobilitatem
502 1014 534 1074 et
562 1008 801 1074 conuersionem
829 1009 861 1072 in
894 1027 1036 1092 quaeque
1063 1009 1232 1075 nascentia
1264 1029 1403 1093 corpora,

258 1137 352 1201 quam
375 1116 501 1181 nomine
521 1114 613 1193 aeris,
636 1115 668 1179 in
692 1134 754 1198 quo
779 1116 848 1180 sola
871 1114 1034 1180 mobilitas
1052 1120 1164 1198 posset
1181 1115 1402 1193 animaduerti,
1434 1138 1449 1177 a

258 1226 363 1290 cetera
376 1241 463 1300 uero,
479 1220 595 1305 quibus
610 1220 744 1286 materia
758 1220 938 1304 expressius
958 1220 1201 1305 significaretur,
1217 1221 1403 1292 defuissent.

257 1332 295 1395 ut
316 1332 405 1395 totus
428 1329 491 1393 istc
514 1326 559 1393 sit
581 1345 710 1392 sensus:
738 1326 775 1391 in
803 1326 993 1410 principio
1021 1327 1118 1393 fecit
1140 1328 1233 1394 dous
1257 1330 1402 1394 caelum

257 1440 294 1503 et
311 1439 460 1512 terram,
476 1432 510 1497 id
529 1435 579 1499 est
596 1433 772 1512 materiam,
788 1452 869 1515 quae
885 1432 965 1498 caeli
980 1436 1013 1498 et
1026 1436 1128 1499 terrae
1143 1435 1277 1501 formam
1291 1454 1401 1519 capere

255 1547 377 1627 posset.
402 1560 482 1624 quae
519 1538 652 1604 materia
692 1543 793 1605 terra
832 1539 1050 1605 inuisibilis
1088 1543 1125 1606 et
1160 1540 1403 1625 inconposita

257 1652 346 1727 erat,
369 1648 403 1713 id
427 1650 477 1713 est
498 1646 642 1712 informis
666 1648 698 1711 et
720 1645 793 1712 luce
817 1666 925 1712 careus
948 1647 1162 1730 profunditas:
1191 1667 1272 1733 quae
1294 1651 1402 1715 tamen
1419 1671 1448 1709 ιο

256 1756 406 1841 quoniam
438 1752 581 1819 mouenti
610 1756 642 1817 et
668 1752 812 1835 operanti
840 1753 953 1817 artifici
986 1752 1116 1819 subdita
1147 1759 1243 1833 esset,
1274 1761 1404 1839 propter

255 1864 316 1929 hoc
338 1863 445 1947 ipsum
469 1859 554 1943 quod
578 1858 662 1923 cedit
685 1859 828 1942 operanti
851 1878 933 1943 aqua
955 1859 1051 1924 etiam
1075 1860 1238 1927 nominata
1260 1865 1320 1927 est.

300 1970 336 2034 In
369 1969 429 2033 bac
460 1967 561 2051 igitur
591 1966 741 2031 materiae
770 1966 1002 2051 significatione
1028 1968 1118 2051 prius
1145 1968 1325 2035 insinuatus
1353 1974 1404 2035 est

256 2076 327 2142 linis
360 2076 440 2154 eius,
472 2074 505 2139 id
538 2076 588 2139 est
618 2075 747 2156 propter
770 2073 847 2156 quid
878 2073 964 2139 facta
996 2073 1052 2151 sit;
1086 2074 1226 2141 secundo
1257 2076 1328 2158 ipsa
1354 2076 1400 2140 in-

255 2182 409 2259 formitas,
438 2181 532 2245 tertio
562 2180 701 2245 seruitus
730 2182 789 2245 sub
819 2182 940 2247 artifice
967 2185 1063 2265 atque
1092 2182 1260 2249 subiectio.
1290 2182 1400 2267 itaque
1420 2204 1446 2245 rs

254 2291 355 2375 prim0
380 2289 503 2354 caelum
528 2290 561 2354 et
582 2290 665 2352 terra
682 2325 726 2334 —
744 2291 873 2371 propter
895 2288 955 2356 hoc
980 2288 1064 2354 enim
1086 2289 1172 2354 facta
1194 2290 1341 2356 materies
1355 2329 1399 2338 —

254 2396 393 2463 secundo
425 2399 509 2462 terra
539 2394 711 2461 inuisibilis
749 2398 781 2460 et
816 2395 1016 2478 inconposita
1052 2399 1085 2461 et
1120 2397 1268 2461 tenebrae
1305 2416 1400 2483 super

254 2506 416 2588 abyssum,
449 2502 483 2566 id
515 2503 565 2566 est
595 2501 665 2584 ipsa
691 2501 870 2567 informitas
894 2501 962 2569 sine
985 2502 1105 2567 lumine
1129 2539 1173 2548 —
1195 2503 1278 2569 unde
1302 2505 1398 2569 etiam

252 2615 336 2676 terra
357 2607 530 2674 inuisibilis
555 2607 639 2671 dicta
662 2609 713 2672 cst
734 2643 779 2654 -
801 2607 896 2672 tertio
925 2626 1007 2690 aqua
1034 2609 1179 2674 subiecta
1206 2611 1331 2694 spiritui
1358 2611 1400 2676 ad

253 2715 399 2780 habitum
430 2714 611 2794 formasque
644 2713 813 2796 capiendas
829 2766 836 2781 .
851 2713 923 2779 ideo
958 2733 1054 2797 super
1090 2735 1204 2799 aquam
1240 2718 1401 2784 ferebatur
1417 2739 1443 2778 ιο

254 2821 385 2905 spiritus
414 2821 475 2898 dei,
504 2822 541 2884 ut
570 2820 717 2901 spiritum
747 2823 939 2902 operantem,
969 2840 1082 2903 aquam
1110 2841 1186 2888 uero
1216 2824 1298 2889 unde
1326 2843 1399 2907 ope·

251 2932 374 2992 raretur
396 2927 630 3009 intellegamus,
651 2927 753 2991 idest
775 2927 942 2992 materiam
965 2928 1193 2994 fabricabilem.
1217 2950 1291 2996 curn
1314 2932 1398 2996 euim

252 3035 314 3098 tria
344 3034 408 3098 ista
439 3033 574 3098 dicimus
607 3033 700 3098 unius
729 3034 774 3098 rei
801 3034 939 3111 nomina,
963 3035 1096 3100 materia
1122 3037 1243 3115 mundi,
1267 3038 1399 3102 materia

252 3141 411 3218 informis,
449 3140 581 3204 materia
615 3139 825 3217 fabricabilis,
872 3142 984 3208 horum
1021 3144 1124 3225 primo
1162 3144 1283 3209 nomini
1317 3144 1396 3208 bene

253 3247 437 3331 adiungitur
460 3248 583 3311 caelum
604 3249 745 3324 attona,
771 3246 911 3313 secundo
935 3248 1125 3326 obscuritas,
1149 3249 1304 3328 confusio,
1326 3270 1396 3334 pro·
1414 3267 1442 3307 ιο

252 3353 403 3430 funditas,
431 3353 590 3431 tenebrae,
617 3353 711 3418 tertio
745 3353 876 3419 cedendi
908 3353 1056 3434 facilitas,
1087 3356 1138 3420 cui
1164 3357 1228 3420 iam
1257 3357 1297 3422 ad
1324 3376 1397 3441 ope·

251 3460 384 3525 randum
407 3459 538 3541 spiritus
561 3459 757 3541 superfertur
781 3459 921 3526 artificis.

298 3567 343 3630 Et
366 3566 528 3649 spiritus
553 3564 612 3629 dei
636 3565 947 3648 superferebatur
969 3585 1083 3651 super
1105 3587 1247 3650 aquam.
1270 3588 1332 3634 non
1351 3568 1396 3633 ita

342 3821 356 3872 7
377 3819 444 3874 Gen.
465 3822 488 3884 1,
510 3819 533 3874 l.
554 3819 570 3872 2
625 3817 660 3872 28
681 3817 747 3872 Gen.
768 3818 829 3879 1,2

288 3969 301 4022 1
322 3967 466 4022 uideantur
488 3967 523 4021 T¹
625 3973 691 4036 post
713 3969 854 4022 nascentia
874 3969 966 4023 scriba
986 3969 1121 4023 oberrans
1139 3987 1172 4024 ee
1188 3987 1271 4025 wera
1292 3975 1310 4024 4
1328 3971 1394 4026 odd.

251 4057 478 4127 corpora-aeris,
496 4056 544 4110 sed
562 4073 595 4110 aa
614 4055 665 4110 dei.
684 4055 711 4109 L
793 4057 1000 4112 eademeadem
1018 4057 1056 4111 M
1125 4061 1245 4129 4queq3
1266 4064 1307 4129 (q;
1328 4060 1393 4114 add.

249 4163 271 4202 s.
293 4147 363 4200 lm.
383 4145 455 4214 ΒΗ*
506 4143 948 4200 recompensassent
1003 4147 1160 4202 ideumL
1213 4148 1393 4217 SquaMLb

252 4236 283 4288 ll
304 4235 426 4287 subiecta
443 4233 504 4286 ML
542 4234 575 4287 15
594 4232 655 4302 sub]
675 4230 708 4286 ab
728 4233 754 4286 L
826 4235 931 4305 itaque]
951 4235 982 4288 In
1001 4235 1080 4289 MLb
1123 4236 1155 4289 17
1176 4236 1393 4291 clt.etom.Lb

252 4323 285 4376 18
303 4323 390 4392 ipsum
410 4321 527 4375 abissum
547 4322 573 4376 L
650 4321 802 4377 unde-est
818 4339 869 4378 om.
888 4323 966 4377 ΜΠ)
1038 4324 1270 4379 consolandum
1292 4323 1393 4379 Turbo

250 4411 285 4465 23
302 4411 357 4464 ista
374 4411 427 4462 tria
446 4409 510 4464 lod
563 4411 597 4464 27
617 4412 802 4480 superferatur
823 4412 924 4466 Turbo
