3159 4950
473 497 514 552 de
542 497 685 554 Genesi
712 499 756 553 ad
782 499 964 554 litteram
993 496 1058 551 lib.
1082 496 1114 550 X.
1302 505 1365 569 297

222 695 399 776 permittat:
428 697 498 759 tum
525 697 610 758 recte
637 693 774 760 fortasse
802 694 1011 778 requiremus,
1040 695 1097 758 aut
1120 712 1275 777 quaenam
1299 716 1368 762 seo-

221 802 322 866 tentia
353 801 459 884 potius
493 800 639 886 eligenda
671 802 714 866 sit
755 805 812 866 aut
842 801 875 866 io
907 801 953 864 rei
984 800 1081 866 huius
1117 801 1236 866 incerto
1274 823 1369 885 quem

220 910 352 976 modum
379 911 485 974 tenere
514 909 695 974 debeamus.
725 911 810 974 certe
838 909 922 973 enim
950 910 1037 973 serto
1068 907 1118 972 die
1150 908 1245 974 fecit
1277 908 1369 975 deus

223 1017 407 1082 hominem
441 1016 484 1081 ad
516 1017 720 1102 imaginem
757 1036 876 1091 ouam;
914 1017 970 1080 ubi
1007 1016 1104 1080 etiam
1141 1016 1263 1081 dictum
1300 1019 1364 1082 est:

192 1126 430 1189 emasculum
459 1127 496 1188 et
523 1122 698 1188 feminam
727 1123 821 1188 fecit
849 1141 923 1189 eos.
951 1140 1085 1204 quorum
1107 1123 1190 1187 illud
1213 1126 1369 1206 superius,

221 1231 276 1297 ubi
307 1231 413 1315 imago
446 1230 497 1296 dei
530 1233 776 1296 commemorata
813 1233 871 1307 est,
909 1228 1086 1295 secundum
1123 1230 1271 1308 animam,
1308 1232 1369 1297 hoe

222 1341 339 1414 autem
362 1338 420 1401 ubi
443 1357 535 1404 sexus
559 1335 743 1414 differentia,
769 1335 944 1401 secundum
967 1354 1093 1401 carnem
1121 1337 1368 1419 accipiebamus.

223 1449 254 1509 et
286 1445 434 1527 quoniam
466 1446 516 1508 tot
548 1463 584 1509 ee
617 1445 706 1508 tanta
737 1442 931 1520 testimonia,
971 1462 1051 1525 quae
1087 1443 1132 1508 ibi
1170 1443 1369 1508 considerate

221 1555 316 1634 atque
344 1553 479 1615 tractata
507 1553 591 1625 erint,
620 1568 678 1615 nos
707 1569 767 1616 non
797 1550 945 1614 sinebant
971 1549 1083 1616 eodem
1110 1551 1181 1634 ipso
1205 1553 1293 1615 serto
1317 1551 1369 1616 die

178 1673 203 1709 10
222 1657 317 1722 etiam
348 1656 519 1721 formatum
553 1657 591 1721 de
623 1655 700 1721 limo
733 1656 895 1721 hominem
926 1656 1157 1739 mulieremque
1194 1656 1232 1722 de
1269 1659 1367 1722 latere

222 1764 289 1828 eius
313 1765 465 1846 accipere,
490 1764 546 1828 sed
573 1763 633 1828 hoc
660 1766 773 1846 postea
799 1763 921 1828 factum
949 1781 1020 1828 esse
1043 1765 1118 1846 post
1140 1764 1197 1828 illa
1218 1764 1366 1846 primitus

221 1890 316 1952 opera
339 1872 400 1946 dei,
424 1871 455 1935 in
480 1870 596 1952 quibus
621 1870 742 1936 creauit
770 1871 876 1934 omnia
903 1871 1010 1948 simul,
1035 1871 1264 1953 quaesiuimus.
1289 1871 1365 1953 quid

221 1978 259 2042 de
286 1979 424 2043 hominis
453 1979 558 2042 anima
585 1977 795 2056 crederemus,
824 1978 1042 2061 discussisque
1070 1979 1218 2042 omnibus
1246 1978 1369 2061 discep-

219 2085 350 2150 tationis
374 2089 500 2150 nostrae
524 2085 666 2168 partibus
690 2085 772 2148 illud
800 2085 984 2149 credibilius
1009 2085 1061 2149 uel
1084 2085 1281 2149 tolerabilius
1305 2084 1369 2149 dici

177 2201 203 2241 ¹⁵
219 2192 327 2256 uisum
355 2194 414 2258 est,
444 2191 529 2274 quod
557 2173 629 2274 ipsa*
654 2191 793 2256 hominis
822 2191 927 2255 anima
952 2191 985 2255 in
1013 2190 1078 2254 illis
1109 2191 1257 2274 operibus
1285 2190 1370 2256 facta

220 2302 279 2374 est,
304 2299 443 2381 corporis
467 2317 542 2362 uero
567 2299 635 2362 eius
655 2299 686 2362 in
705 2297 824 2362 mundo
844 2316 992 2380 corporeo
1012 2301 1175 2380 tamquam
1193 2299 1226 2361 in
1246 2299 1367 2362 semine

219 2406 310 2483 ratio,
343 2424 382 2470 ne
416 2423 600 2489 cogeremur
632 2407 741 2469 contra
773 2403 872 2469 uerba
903 2405 1077 2489 scripturae
1109 2408 1166 2470 aut
1197 2408 1283 2468 sexto
1317 2403 1367 2468 die

220 2516 323 2578 totum
356 2514 476 2579 factum
509 2513 623 2585 dicere,
655 2512 689 2575 id
718 2515 768 2576 est
806 2516 839 2577 et
866 2512 905 2577 de
932 2513 1009 2578 limo
1037 2513 1142 2578 uirum
1171 2514 1204 2577 et
1231 2512 1270 2577 de
1299 2513 1367 2576 eius

220 2621 318 2685 latere
341 2620 501 2694 feminam,
526 2621 583 2683 aut
605 2619 637 2682 in
661 2618 726 2683 illis
751 2638 805 2683 sex
829 2618 951 2683 dierum
979 2619 1128 2702 operibus
1156 2618 1244 2683 nullo
1272 2619 1366 2683 modo

175 2727 338 2791 arfactum
363 2746 433 2791 esse
458 2727 628 2804 hominem,
649 2728 705 2791 aut
724 2726 863 2809 corporis
881 2726 1012 2790 humani
1031 2726 1193 2790 causalem
1210 2725 1366 2791 rationem

220 2832 439 2898 tantummodo
481 2833 613 2910 factam,
655 2832 777 2896 animae
819 2836 927 2896 autem
968 2832 1104 2909 nullam,
1147 2850 1220 2897 cum
1260 2832 1368 2915 potius

221 2940 396 3005 secundum
424 2940 525 3021 ipsam
555 2940 598 3004 sit
624 2939 720 3005 homo
750 2939 789 3003 ad
815 2939 987 3023 imaginem
1016 2938 1081 3010 dei:
1115 2943 1172 3003 aut
1199 2941 1283 3003 certe
1307 2940 1368 3003 etsi

221 3066 282 3111 non
306 3049 415 3111 eontra
442 3048 540 3111 uerba
567 3046 742 3128 scripturae
771 3050 878 3131 aperte
901 3048 1016 3129 posita,
1040 3050 1147 3111 tameo
1172 3046 1248 3111 dure
1272 3050 1368 3128 atque

220 3152 461 3217 intolerabiliter
489 3153 666 3219 diceremus
689 3154 743 3217 uel
765 3153 799 3217 in
823 3172 860 3218 ea
883 3156 1028 3219 creatura
1054 3153 1199 3237 spiritali,
1224 3172 1305 3235 quae
1329 3152 1369 3216 ad

177 3270 204 3310 2⁵
221 3258 282 3324 hoc
304 3260 524 3325 tantummodo
550 3264 655 3326 creata
678 3262 773 3339 esset,
797 3261 913 3325 factam
936 3261 1037 3325 fuisse
1061 3260 1183 3324 animae
1210 3260 1367 3324 humanae

221 3366 387 3445 rationem,
412 3385 484 3431 oum
508 3368 577 3451 ipsa
600 3368 754 3445 creatura,
776 3366 809 3431 in
833 3386 896 3449 qua
917 3367 982 3433 ista
998 3367 1078 3433 ratio
1097 3368 1183 3431 facta
1200 3367 1367 3445 diceretur,

311 3644 327 3698 3
347 3642 414 3699 Gen.
436 3648 459 3709 1,
478 3644 512 3699 27
568 3645 583 3697 'l
604 3644 637 3700 ci.
655 3645 703 3700 lib.
724 3644 760 3700 VI
779 3648 808 3701 et
826 3644 878 3699 VII
935 3647 967 3699 12
987 3645 1019 3703 oi.
1039 3645 1122 3700 Eccli.
1144 3646 1185 3711 18,
1208 3648 1220 3701 1

257 3807 272 3859 1
291 3806 361 3875 turn]
379 3810 444 3861 tune
456 3806 554 3862 Pleno
571 3809 603 3861 ut
620 3806 720 3860 nuncb
793 3806 955 3875 requirimus
969 3805 1035 3861 PR¹
1047 3806 1244 3876 requiramusb
1280 3806 1297 3859 2
1312 3806 1366 3860 ele·

222 3892 353 3963 gendaS
440 3894 478 3948 sit
496 3895 580 3959 (itin
598 3897 667 3964 raa.)
686 3894 714 3949 R
804 3896 852 3947 aut
877 3895 904 3960 (a
926 3896 958 3947 io
979 3910 1036 3950 raa.
1059 3910 1094 3948 aa.
1114 3897 1145 3963 2)
1163 3894 1193 3950 R
1279 3912 1309 3948 re
1327 3895 1368 3951 12²

222 3983 456 4052 quemammodum
474 3984 505 4039 E
521 3982 747 4054 quomadmodum
766 3982 790 4037 S
860 3985 876 4036 3
895 3988 987 4037 tenere
1007 3981 1164 4053 debeamus]
1181 3986 1323 4037 teneamus
1341 3984 1370 4037 P

221 4072 421 4127 doommerate
439 4072 476 4126 Ρ1
567 4072 804 4143 'laccipiebamns
829 4073 876 4136 (ba
897 4088 920 4129 a.
941 4073 958 4126 l.
977 4089 1013 4126 m.
1030 4075 1056 4139 1)
1075 4073 1107 4127 E
1193 4071 1276 4141 8ac]
1300 4070 1371 4127 etS

221 4160 394 4231 detinebant]
412 4160 557 4216 sciebatS
627 4161 732 4231 eodem]
752 4162 784 4215 de
803 4162 830 4213 P
900 4162 934 4215 10
952 4162 1068 4215 formato
1086 4158 1126 4216 11ι
1196 4161 1229 4215 12
1248 4161 1367 4230 quesiui·

221 4266 280 4303 mus
298 4250 327 4303 P
379 4252 413 4306 14
432 4250 593 4305 credebilius
611 4250 639 4306 R
694 4252 727 4305 15
746 4252 821 4305 illius
838 4250 877 4304 P¹
932 4251 965 4304 16
984 4252 1102 4320 corporis
1122 4252 1185 4318 (al
1212 4250 1277 4305 odd.
1295 4251 1367 4304 m.2

222 4340 250 4391 el
268 4340 375 4407 corpus)
390 4338 421 4393 Ε
489 4340 626 4403 seminans
645 4340 689 4409 (na
708 4324 767 4408 emp.
786 4339 903 4408 m.1)P
957 4340 990 4393 17
1005 4340 1214 4409 cogeremur?
1284 4340 1367 4393 scrib·

220 4432 297 4482 turae
315 4428 346 4482 Ε
406 4428 441 4482 20
461 4444 518 4483 esse
537 4428 638 4483 factum
657 4428 748 4485 PRbd
812 4429 846 4483 23
865 4430 947 4483 durae
965 4428 1032 4484 P¹R
1090 4429 1125 4483 26
1143 4428 1198 4483 ista
1214 4430 1247 4483 ia
1263 4444 1319 4482 roe.
1339 4427 1368 4482 R
