3159 4950
370 483 413 538 de
441 485 585 540 Genesi
614 483 657 538 cd
684 484 869 540 litteram
896 484 961 539 lib.
980 485 1015 540 Π.

127 679 268 758 quocirca
291 698 350 745 nec
375 680 414 744 ad
431 680 570 745 litteram
591 680 759 763 quisquam
777 683 887 762 potest
906 680 953 744 sic
970 679 1167 764 intellegere,
1188 681 1274 761 quod

126 783 336 850 dictumest:
365 785 545 850 fundauit
571 789 711 851 terram
741 805 857 870 super
884 805 1031 868 aquam,
1060 790 1098 850 ut
1120 805 1273 869 aquarum

125 891 244 972 pondus
281 893 405 955 terreno
442 891 575 974 ponderi
612 891 829 976 subportando
867 892 1004 958 naturali
1040 893 1149 958 ordine
1182 894 1274 976 quasi

126 997 300 1062 subiectum
326 1017 396 1062 esse
421 999 600 1063 arbitretur.

99 1129 109 1164 e
166 1106 195 1170 2.
231 1105 347 1169 Aerem
381 1124 456 1171 uero
491 1106 580 1188 aquis
614 1125 685 1171 esse
718 1107 929 1190 superiorem,
964 1107 1112 1189 quamuis
1144 1110 1276 1190 propter

126 1211 273 1294 ampliora
297 1211 348 1275 sui
373 1213 477 1295 spatia
500 1213 596 1277 etiam
625 1213 743 1278 aridam
773 1216 933 1297 contegat,
963 1214 1036 1278 hino
1064 1214 1265 1297 intellegitur

126 1318 203 1399 quod
226 1321 354 1383 nullum
377 1338 436 1383 uae
461 1319 498 1382 ab
519 1337 571 1383 ore
590 1319 770 1400 inpressum
790 1321 906 1403 repleri
926 1320 1017 1402 aquis
1036 1323 1163 1404 potest:
1187 1319 1272 1383 unde

126 1426 197 1489 satis
221 1426 343 1491 indicat
366 1427 448 1491 aeris
473 1427 618 1490 naturam
642 1428 746 1491 locum
771 1431 878 1510 petere
903 1427 1110 1510 superiorem.
1143 1427 1273 1491 uidetur

126 1533 203 1596 enim
226 1553 285 1598 uas
309 1533 412 1610 inane,
438 1532 494 1597 sed
519 1552 588 1597 aere
612 1535 742 1616 plenum
766 1536 929 1616 probatur,
960 1554 1032 1598 oum
1062 1552 1114 1598 ore
1143 1534 1207 1597 imo
1237 1532 1269 1596 in

91 1655 233 1719 coquom
267 1638 473 1721 deprimitur;
512 1639 586 1721 quia
620 1639 703 1704 enim
736 1659 792 1722 per
824 1641 1020 1726 superiorem
1053 1644 1175 1722 partem
1209 1658 1272 1703 non

127 1744 243 1810 inuenit
276 1745 433 1810 emicandi
464 1747 571 1810 locum
599 1765 655 1810 neo
686 1746 833 1811 deorsum
867 1765 980 1812 uersus
1013 1731 1150 1828 inruptis
1180 1745 1272 1828 aquis

127 1850 230 1915 subter
258 1871 313 1916 eas
341 1855 455 1915 nature
482 1851 526 1915 ire
556 1851 679 1931 sinitur,
708 1853 908 1934 plenitudine
932 1873 990 1917 sua
1012 1853 1141 1934 repellit
1164 1872 1218 1916 eas
1242 1855 1275 1916 et

128 1958 155 2021 in
177 1977 234 2022 nas
259 1978 321 2024 non
345 1959 504 2042 permittit
526 1960 652 2024 intrare.
687 1981 760 2025 cum
785 1966 891 2025 autem
920 1979 978 2024 uas
1005 1960 1051 2024 ita
1079 1962 1272 2037 conlocatur,

128 2067 159 2128 ut
185 2083 220 2130 os
250 2083 311 2130 non
341 2065 458 2130 babeat
486 2066 643 2142 deorsum,
678 2068 734 2132 sed
766 2067 799 2131 in
827 2069 912 2132 latus
944 2067 1144 2145 inclinatum,
1175 2067 1275 2131 intrat

94 2195 112 2232 u
129 2189 204 2253 aqua
224 2171 358 2236 inferius
388 2176 521 2236 exeunte
550 2193 620 2237 aare
650 2175 808 2257 superius.
845 2174 987 2256 itemque
1013 2174 1040 2238 si
1063 2174 1152 2238 uasis
1177 2175 1273 2238 erecti

130 2295 160 2341 os
181 2281 288 2361 pateat
310 2279 342 2342 in
367 2279 502 2354 caelum,
527 2298 598 2344 curn
623 2280 762 2345 infundis
787 2299 911 2362 aquam,
937 2280 1045 2345 euadit
1068 2299 1120 2344 aer
1143 2298 1272 2344 sursum

129 2403 233 2449 uersus
257 2405 293 2449 ox
317 2386 389 2450 aliis
413 2387 568 2469 partibus,
593 2407 656 2470 qua
678 2407 740 2452 non
764 2387 917 2465 infundis,
943 2391 975 2450 et
997 2387 1034 2450 fit
1056 2387 1147 2450 locus
1172 2405 1272 2467 aquae

131 2490 271 2556 deorsum
303 2512 418 2557 uersus
450 2492 597 2560 intrandi.
637 2495 751 2577 quodsi
779 2496 814 2558 ui
841 2495 960 2559 maiore
988 2513 1046 2558 uas
1076 2493 1272 2575 deprimitur,

130 2601 162 2659 ut
182 2599 234 2662 uel
259 2618 294 2662 ex
317 2599 416 2662 latere
436 2602 490 2665 uel
510 2599 646 2681 desuper
665 2620 763 2683 aquae
782 2604 911 2683 repente
930 2600 1064 2665 influant
1083 2603 1115 2664 et
1132 2600 1273 2682 undique

94 2730 114 2766 a
131 2722 161 2767 os
184 2705 269 2769 uasis
294 2705 456 2789 obtegant,
483 2706 653 2789 disrumpit
677 2726 729 2771 eas
755 2726 808 2771 aer
831 2726 958 2771 sursum
978 2707 1093 2782 nitens,
1112 2709 1151 2769 ut
1169 2705 1214 2770 eis
1234 2706 1274 2770 ad

130 2810 187 2873 ima
212 2813 318 2875 locum
347 2811 462 2885 faciat3
497 2814 530 2875 at
557 2812 628 2895 ipsa
657 2812 813 2895 disruptio
843 2813 1005 2897 singultus
1033 2831 1184 2877 uasorum
1213 2816 1272 2890 est,

131 2916 199 2980 dum
221 2918 367 3000 partibus
390 2918 485 3001 fugit,
511 2919 585 3001 quia
613 2921 701 2983 totus
731 2924 797 2983 tam
827 2919 890 2983 cito
918 2938 981 2983 non
1010 2921 1120 3001 potest
1146 2923 1275 3001 propter

130 3022 211 3086 illius
230 3023 292 3088 oris
312 3025 488 3107 angustias.
519 3026 564 3090 ita
587 3025 615 3089 si
639 3045 692 3089 aer
716 3044 812 3109 super
835 3044 933 3107 aquas
956 3025 1002 3089 ire
1022 3025 1155 3108 cogitur,
1176 3025 1273 3088 etiarn

132 3128 316 3193 confluentes
348 3148 401 3194 eas
433 3130 568 3208 dissicit,
599 3150 671 3195 curn
702 3133 866 3196 exilientes
893 3132 1004 3214 inpetu
1030 3132 1099 3194 eius
1126 3130 1272 3213 inpulsae

95 3260 115 3299 a
132 3233 280 3299 ebulliunt
313 3239 345 3301 et
378 3256 451 3300 eum
484 3237 581 3301 bullis
626 3238 829 3319 crepantibus
863 3238 1015 3301 emittunt
1045 3237 1077 3301 in
1111 3256 1170 3301 sua
1201 3257 1271 3319 pro-

110 3438 112 3443 ·
163 3426 293 3497 lpotest]
313 3431 377 3497 post
394 3431 487 3497 potest
501 3427 537 3480 1³¹
612 3427 837 3483 sica.l.m.lR
892 3428 1275 3489 aoerr.en0.taeener.)lr

131 3516 246 3567 terraono
264 3515 290 3569 P
361 3517 457 3584 5oap.
478 3516 522 3569 ·11·
541 3516 571 3569 Ε
643 3516 675 3571 10
694 3532 764 3585 aqua
782 3516 836 3570 PR
914 3533 961 3585 per
979 3516 1066 3570 om.b
1138 3517 1271 3585 superiori

132 3605 200 3669 parte
219 3603 234 3655 b
307 3606 335 3659 ll
359 3604 504 3674 eminendi]
523 3604 674 3675 emigrandi
693 3605 737 3658 Rt
757 3605 882 3658 emeandi
901 3605 921 3657 d
991 3605 1104 3675 irruptis
1123 3602 1164 3657 E²
1181 3605 1270 3657 minu-

133 3691 235 3745 tissimis
253 3694 290 3747 E¹
356 3695 388 3747 12
408 3700 519 3757 naturas
539 3696 568 3748 Ε
638 3695 677 3747 ire
696 3696 794 3747 natura
812 3693 928 3747 PRde
998 3693 1107 3763 repellto
1126 3692 1270 3762 Sreppol·

132 3777 203 3834 litlt
270 3784 300 3835 15
320 3800 368 3836 uas
387 3782 464 3836 E¹P¹
542 3784 655 3837 erectius
674 3781 711 3835 Ρ1
781 3782 813 3834 18
832 3781 902 3851 ῑιί]ὺί
920 3781 960 3835 Ε1
1027 3783 1062 3835 20
1081 3781 1273 3851 dirrumpitlc'

133 3866 278 3939 dirumpitb
332 3872 364 3924 21
387 3874 416 3924 at
427 3872 540 3939 accipet:
559 3871 592 3924 ad
604 3871 644 3925 El
659 3874 687 3924 et
700 3869 857 3925 E²PRde
928 3869 1060 3939 dirruptio
1074 3871 1105 3924 Ε
1120 3870 1237 3939 disrupti
1249 3870 1273 3924 S

134 3954 275 4027 diruptiob
365 3960 399 4012 22
420 3960 484 4029 qnia
504 3964 530 4025 (a
548 3974 569 4014 e.
593 3961 609 4014 l.
628 3976 663 4013 m.
683 3963 707 4024 1)
727 3958 755 4013 R
844 3957 961 4011 totosS
1048 3961 1141 4027 potest
1164 3958 1269 4012 exiret

134 4044 165 4097 24
184 4052 246 4113 post
270 4048 434 4102 confluentes
462 4050 583 4116 sequeitur
609 4048 641 4101 ic
663 4048 690 4100 P
711 4046 838 4108 abdissio,
866 4046 915 4099 aed
940 4062 974 4102 m.
1000 4047 1012 4099 1
1040 4047 1089 4100 del.
1177 4064 1222 4101 eas
1242 4051 1271 4113 (a

135 4133 162 4184 in
176 4134 275 4196 coslo*
343 4137 459 4206 dissicit]
479 4137 588 4206 dispicit
601 4136 666 4191 PR¹
685 4136 802 4205 despicit
815 4136 830 4187 b
851 4135 952 4188 disiioit
971 4135 1003 4200 d,·
1021 4136 1056 4202 cs.
1071 4135 1145 4188 Mac
1158 4136 1271 4189 Bonnet

137 4220 180 4275 .Le
200 4222 282 4277 Latio
305 4226 337 4279 dc
363 4225 492 4294 Grepotre
515 4226 548 4279 de
573 4225 671 4279 Toura’
691 4241 757 4293 pop.
786 4225 846 4287 122,
866 4224 895 4285 3;
922 4223 1017 4284 195,3
1089 4223 1223 4277 exilientis
1242 4225 1272 4276 Ε

138 4310 273 4365 exsilientia
295 4314 322 4367 P
438 4315 541 4383 impetu
564 4314 603 4369 13¹
627 4313 784 4383 impetusb
892 4311 1023 4381 impulsos
1043 4312 1065 4364 S
1087 4312 1205 4381 impulsu
1223 4310 1268 4365 Ro

138 4398 169 4451 ‘lb
186 4400 321 4472 ebulliunt]
342 4402 464 4456 nullinnt
481 4402 521 4456 E¹
539 4401 658 4455 bulliunt
676 4402 703 4454 P
775 4404 847 4471 eum]
866 4400 969 4455 oumS
1039 4400 1121 4453 nullis
1140 4399 1179 4454 Ε1

1164 4506 1196 4558 3,
