3159 4950
608 503 635 557 S.
664 502 803 556 Aureli
832 504 1051 573 Augustini

440 698 496 759 alio
514 699 590 758 uelle
610 698 709 757 audire
730 716 817 773 quam
835 718 853 758 a
872 717 902 759 se
923 700 1067 775 expectari
1087 700 1167 761 dicit.
1188 700 1258 776 quid
1276 704 1373 761 tamen

440 790 475 847 do
498 788 545 847 bis
568 788 687 859 sentiat,
713 788 776 847 sine
800 789 1001 849 adfirmatione
1023 807 1081 849 non
1106 790 1190 849 celat.

283 880 420 938 XXXIIII
442 877 498 937 Hic
527 878 624 937 omnia
652 895 725 952 qnae
752 878 904 953 praemisit
931 878 996 938 nisa
1018 878 1090 938 uisis
1113 879 1318 939 somniantium
1342 898 1374 939 se

443 984 599 1041 conparare
623 966 762 1039 insinuat,
787 958 874 1027 etiam
898 973 1012 1027 cautam
1036 968 1233 1029 curiositatem
1256 973 1375 1029 reuocat

440 1074 475 1115 ac
498 1056 637 1119 retundit.

316 1145 418 1205 XXXV
442 1144 579 1205 sufficere
608 1146 644 1204 ad
673 1145 814 1229 notitiam*
836 1145 941 1205 debere
971 1146 1042 1206 dicit
1068 1164 1128 1206 non
1162 1164 1226 1207 esse
1258 1165 1374 1221 corpus,

443 1252 639 1310 quaecumque
663 1235 701 1293 sit
722 1233 774 1293 illa
797 1238 901 1294 natura
922 1236 1062 1295 uisorum.

302 1324 421 1384 XXXVI
443 1324 525 1382 Unde
546 1323 736 1394 daemoniaci,
761 1323 891 1396 fanatici,
921 1324 1077 1399 arrepticii,
1104 1325 1173 1384 falsi
1199 1326 1373 1401 prophetam

439 1413 516 1472 unde
532 1412 618 1471 etiam
637 1430 707 1473 uera
724 1414 862 1488 mysteria
878 1414 1032 1489 loquentes
1050 1418 1100 1474 aut
1117 1432 1185 1473 nore
1203 1415 1374 1489 prophetae.

284 1503 418 1562 XXXVII
441 1502 510 1561 Cum
534 1519 552 1561 a
575 1518 695 1577 corpora
723 1520 812 1562 causa
839 1504 893 1575 est,
919 1503 1024 1578 quibus
1052 1504 1146 1564 modis
1169 1505 1267 1562 anima
1288 1504 1319 1563 in
1342 1522 1374 1563 se
1393 1522 1419 1563 ro

367 1582 370 1589 ’
441 1590 502 1665 agit
525 1598 554 1650 et
577 1608 729 1666 expressas
751 1591 782 1650 in
806 1609 837 1651 se
860 1609 879 1649 a
902 1610 932 1651 se
956 1609 1108 1667 corporum
1131 1593 1304 1667 phantasias
1326 1594 1375 1653 bie

441 1680 612 1739 ostenditur.

268 1770 416 1829 XXXVIII
437 1770 474 1827 In
501 1771 570 1828 sede
599 1769 709 1829 cerebri
738 1786 854 1830 causam
883 1787 946 1829 esse
974 1770 1116 1829 instruat:
1145 1770 1223 1829 unde
1250 1770 1373 1830 intentio

440 1858 586 1917 sentiendi
610 1858 744 1933 dirigitur
766 1876 820 1932 per
843 1860 970 1934 quinque
993 1860 1161 1919 notissimos
1185 1878 1288 1919 sensus
1312 1860 1373 1919 suis

441 1948 603 2023 quibusque
626 1938 707 2007 uelut
728 1948 854 2023 propriis
878 1949 943 2009 uiis.
1111 2002 1114 2012 ‚
1391 1967 1418 2006 15

254 2039 417 2098 XXXVIIII
440 2037 470 2096 Si
498 2054 586 2095 cansa
614 2040 658 2095 est
684 2036 762 2096 intus
790 2038 821 2095 iu
849 2038 978 2109 cerebro,
1003 2037 1072 2112 quid
1096 2056 1131 2097 ex
1152 2038 1208 2096 bac
1235 2040 1373 2097 nascatur

440 2125 526 2185 huius
548 2126 607 2185 loci
631 2126 774 2185 contextio
799 2126 894 2185 docet.

316 2216 418 2275 XXXX
441 2217 564 2275 Tantum
587 2214 685 2273 ualere
709 2214 780 2274 dicit
802 2214 892 2273 animi
914 2215 1114 2286 intentionem,
1138 2218 1172 2273 ut
1195 2216 1280 2274 etiam
1304 2232 1372 2273 sen·

441 2304 521 2363 sibus
545 2304 675 2377 corporis
698 2304 801 2379 sopitis
824 2304 967 2381 imagInes
990 2321 1143 2379 corporum
1166 2322 1184 2363 a
1206 2304 1283 2364 ueris
1307 2322 1372 2364 cor-

439 2394 559 2469 poribus
583 2393 746 2451 discernere
768 2393 873 2468 possit.
1391 2408 1420 2447 eo

302 2485 418 2544 XXXXI
440 2486 475 2543 In
507 2499 566 2542 una
598 2483 754 2557 eademque
788 2485 893 2541 natura
923 2482 1055 2554 cisionis,
1084 2483 1115 2542 id
1145 2485 1190 2542 est
1221 2483 1372 2558 spiritalis,

442 2573 633 2632 differentiam
652 2571 800 2647 quandam
813 2572 941 2631 ostendIt
959 2576 987 2631 ct
1005 2573 1161 2646 aliquando
1180 2590 1199 2631 a
1217 2573 1371 2633 contrario.

287 2665 418 2722 XXXXII
440 2662 520 2720 Dicit
546 2679 604 2722 non
633 2661 747 2721 adsumi
783 2661 916 2736 spiritum
947 2661 1074 2722 bominis
1102 2680 1120 2721 a
1147 2663 1224 2721 bono
1257 2661 1371 2737 spiritu,

441 2751 498 2809 nisi
521 2753 554 2810 ut
575 2749 685 2825 aliquid
708 2751 864 2826 significet.

273 2843 418 2900 XXXXllI
442 2839 748 2900 commemorationem
791 2839 863 2898 dacIt
907 2839 1045 2898 iuuenum
1090 2839 1280 2914 quorundam,
1323 2839 1372 2914 qui
1391 2862 1418 2903 25

443 2931 572 2990 iocantes
595 2928 707 2988 inuenti
730 2929 791 2987 sint
813 2928 971 2988 dininasse.

259 3020 420 3078 XXXXIIII
441 3021 514 3078 Item
538 3017 668 3089 alterius
693 3018 830 3093 quiante
852 3016 1089 3093 symphoniacum
1108 3017 1219 3076 saltans
1238 3017 1373 3077 nesciens

443 3107 595 3166 diuinauit.

290 3197 418 3256 XXXXV
441 3196 497 3254 Hic
525 3195 597 3254 dicit
623 3195 782 3270 spIritalem
812 3196 956 3269 quandam
978 3197 1112 3254 naturam
1135 3213 1199 3254 esse
1222 3196 1252 3254 in
1276 3195 1371 3266 nobis,

440 3285 470 3342 in
495 3301 553 3360 qua
575 3285 767 3358 corporalium
796 3302 890 3343 rerum
917 3285 1079 3344 formantur
1105 3285 1257 3360 imagines,
1286 3302 1373 3360 quam
1391 3305 1419 3344 ao

441 3373 642 3433 formationem
665 3391 717 3448 por
739 3375 841 3434 modos
864 3374 969 3432 diuidit
991 3373 1153 3436 duodecim.

277 3464 420 3522 XXXXVI
442 3463 498 3520 Hic
530 3463 660 3537 spiritale
691 3463 787 3521 uisum
815 3463 852 3522 ab
881 3462 1071 3522 intellectuali
1103 3463 1242 3522 discernit
1269 3463 1298 3521 et
1323 3461 1372 3521 bic

443 3552 512 3627 quid
535 3551 633 3611 ualeat
654 3552 702 3612 uel
725 3555 795 3627 agat
817 3569 927 3628 quaeue
951 3569 984 3611 eo
1008 3552 1162 3610 uideantur
1184 3551 1320 3612 ostendit.

262 3641 421 3700 XXXXVII
442 3643 478 3700 In
509 3641 607 3700 anima
637 3641 701 3700 fieri
732 3641 805 3700 dicit
835 3640 892 3700 tria
922 3658 1030 3715 genera
1060 3639 1189 3701 nisorum
1214 3643 1243 3699 et
1265 3641 1373 3700 babere

445 3730 575 3790 ordinem
599 3747 682 3789 suum
707 3732 735 3789 et
758 3748 821 3790 esse
845 3729 902 3788 alio
925 3730 1005 3789 aliud
1027 3730 1233 3804 praestantius.
1390 3748 1418 3788 as

246 3820 419 3879 XXXXVIII
443 3818 608 3894 corporalia
635 3819 712 3878 nisio
741 3819 804 3878 siue
831 3818 957 3894 spiritali
980 3836 1043 3878 esse
1066 3836 1125 3877 non
1148 3821 1261 3892 potest;
1285 3819 1372 3893 spiri-

444 3909 511 3966 talis
534 3908 607 3968 ndsio
631 3907 695 3968 sine
716 3907 858 3982 corporali
877 3907 938 3966 fieri
956 3911 1063 3982 potest,
1083 3909 1136 3967 sed
1154 3908 1268 3983 iudiget
1285 3907 1373 3967 intel·

442 3997 572 4057 lectuali:
597 3997 788 4056 intellectuali
810 4000 905 4056 autem
929 3999 1051 4072 utraque
1074 3997 1205 4056 subiecta
1228 4000 1282 4057 est.

266 4199 449 4271 dphannticii
557 4201 590 4256 13
610 4216 690 4254 eausa
799 4201 833 4254 15
856 4200 923 4264 sniis
947 4201 971 4264 (a
994 4217 1052 4269 exp.
1077 4206 1103 4254 et
1121 4201 1171 4255 alt.
1189 4201 1199 4254 i
1216 4215 1303 4269 cupra
1322 4200 1372 4254 dira.

225 4288 287 4341 pes.
306 4289 340 4327 oa.
360 4275 384 4338 1)
441 4271 473 4327 16
487 4271 610 4337 intentus
622 4273 679 4342 (ten
694 4289 752 4340 exp.
768 4288 802 4324 m.
818 4276 842 4339 1)
900 4273 932 4326 17
948 4271 1021 4325 dicet
1069 4273 1104 4325 23
1118 4271 1236 4340 adsumi]
1248 4271 1281 4325 ad
1293 4287 1372 4325 auum

230 4343 265 4468 {g
283 4343 530 4484 llllllrltlllsmcum
555 4343 613 4397 cod.
637 4343 825 4414 symphoniam
844 4345 922 4411 Mei,¹
944 4344 979 4410 cs.
1001 4347 1063 4405 413,
1082 4347 1118 4396 12
1189 4344 1224 4399 30
1241 4343 1374 4396 temtatur
