<?xml version="1.0" encoding="UTF-8"?>
<!DOCTYPE html PUBLIC "-//W3C//DTD XHTML 1.0 Transitional//EN"
    "http://www.w3.org/TR/xhtml1/DTD/xhtml1-transitional.dtd">
<html xmlns="http://www.w3.org/1999/xhtml" xml:lang="en" lang="en">
 <head>
  <title>
</title>
<meta http-equiv="Content-Type" content="text/html;charset=utf-8" />
  <meta name='ocr-system' content='tesseract 3.04.00' />
  <meta name='ocr-capabilities' content='ocr_page ocr_carea ocr_par ocr_line ocrx_word'/>
</head>
<body>
  <div class='ocr_page' id='page_1' title='image "./corpusscriptoru10wiengoog_0255.png"; bbox 0 0 3159 4950; ppageno 0'>
   <div class='ocr_carea' id='block_1_1' title="bbox 429 516 1345 585">
    <p class='ocr_par' dir='ltr' id='par_1_1' title="bbox 429 516 1345 585">
     <span class='ocr_line' id='line_1_1' title="bbox 429 516 1345 585; baseline 0.005 -14"><span class='ocrx_word' id='word_1_1' title='bbox 429 517 471 572; x_wconf 92' lang='lat' dir='ltr'>de</span> <span class='ocrx_word' id='word_1_2' title='bbox 498 518 641 573; x_wconf 82' lang='lat' dir='ltr'>Genesi</span> <span class='ocrx_word' id='word_1_3' title='bbox 667 517 711 572; x_wconf 84' lang='lat' dir='ltr'>ad</span> <span class='ocrx_word' id='word_1_4' title='bbox 738 518 921 572; x_wconf 75' lang='lat' dir='ltr'><strong>litteram</strong></span> <span class='ocrx_word' id='word_1_5' title='bbox 948 516 1013 571; x_wconf 91' lang='lat' dir='ltr'>lib.</span> <span class='ocrx_word' id='word_1_6' title='bbox 1041 517 1117 573; x_wconf 85' lang='lat' dir='ltr'><strong>VIII.</strong></span> <span class='ocrx_word' id='word_1_7' title='bbox 1281 521 1345 585; x_wconf 84' lang='lat'>229</span> 
     </span>
    </p>
   </div>
   <div class='ocr_carea' id='block_1_2' title="bbox 570 713 973 781">
    <p class='ocr_par' dir='ltr' id='par_1_2' title="bbox 570 713 973 781">
     <span class='ocr_line' id='line_1_2' title="bbox 570 713 973 781; baseline -0.007 -2"><span class='ocrx_word' id='word_1_8' title='bbox 570 714 715 780; x_wconf 78' lang='lat' dir='ltr'><strong>LIBER</strong></span> <span class='ocrx_word' id='word_1_9' title='bbox 742 713 973 781; x_wconf 77' lang='lat' dir='ltr'><strong>OCTAUUS.</strong></span> 
     </span>
    </p>
   </div>
   <div class='ocr_carea' id='block_1_3' title="bbox 201 838 1466 1031">
    <p class='ocr_par' dir='ltr' id='par_1_3' title="bbox 201 838 1466 1031">
     <span class='ocr_line' id='line_1_3' title="bbox 246 838 1466 924; baseline 0 -19"><span class='ocrx_word' id='word_1_10' title='bbox 246 844 275 905; x_wconf 91' lang='lat'>1.</span> <span class='ocrx_word' id='word_1_11' title='bbox 299 840 346 905; x_wconf 80' lang='lat' dir='ltr'>Et</span> <span class='ocrx_word' id='word_1_12' title='bbox 363 839 556 924; x_wconf 85' lang='lat' dir='ltr'>plantauit</span> <span class='ocrx_word' id='word_1_13' title='bbox 574 839 665 905; x_wconf 90' lang='lat' dir='ltr'>deus</span> <span class='ocrx_word' id='word_1_14' title='bbox 684 838 902 921; x_wconf 82' lang='lat' dir='ltr'><strong>paradisum</strong></span> <span class='ocrx_word' id='word_1_15' title='bbox 920 839 955 903; x_wconf 95' lang='lat' dir='ltr'>in</span> <span class='ocrx_word' id='word_1_16' title='bbox 975 839 1075 905; x_wconf 87' lang='lat' dir='ltr'>Ilden</span> <span class='ocrx_word' id='word_1_17' title='bbox 1096 840 1139 905; x_wconf 88' lang='lat' dir='ltr'>ad</span> <span class='ocrx_word' id='word_1_18' title='bbox 1159 840 1345 906; x_wconf 79' lang='lat' dir='ltr'><strong>orientem</strong></span> <span class='ocrx_word' id='word_1_19' title='bbox 1461 886 1466 895; x_wconf 85' lang='lat'>·</span> 
     </span>
     <span class='ocr_line' id='line_1_4' title="bbox 201 944 1345 1031; baseline -0.001 -18"><span class='ocrx_word' id='word_1_20' title='bbox 201 951 237 1013; x_wconf 91' lang='lat' dir='ltr'>et</span> <span class='ocrx_word' id='word_1_21' title='bbox 259 947 390 1031; x_wconf 86' lang='lat' dir='ltr'>posuit</span> <span class='ocrx_word' id='word_1_22' title='bbox 414 946 468 1010; x_wconf 91' lang='lat' dir='ltr'>ibi</span> <span class='ocrx_word' id='word_1_23' title='bbox 490 944 680 1011; x_wconf 89' lang='lat' dir='ltr'>hominem</span> <span class='ocrx_word' id='word_1_24' title='bbox 704 964 812 1029; x_wconf 89' lang='lat' dir='ltr'>quem</span> <span class='ocrx_word' id='word_1_25' title='bbox 835 944 957 1011; x_wconf 82' lang='lat' dir='ltr'>linxit.</span> <span class='ocrx_word' id='word_1_26' title='bbox 983 964 1043 1011; x_wconf 95' lang='lat' dir='ltr'>non</span> <span class='ocrx_word' id='word_1_27' title='bbox 1067 946 1178 1031; x_wconf 89' lang='lat' dir='ltr'>ignoro</span> <span class='ocrx_word' id='word_1_28' title='bbox 1198 946 1237 1011; x_wconf 89' lang='lat' dir='ltr'>de</span> <span class='ocrx_word' id='word_1_29' title='bbox 1256 965 1345 1030; x_wconf 88' lang='lat' dir='ltr'>para-</span> 
     </span>
    </p>
   </div>
   <div class='ocr_carea' id='block_1_4' title="bbox 146 1051 1346 3272">
    <p class='ocr_par' dir='ltr' id='par_1_4' title="bbox 146 1051 1346 3272">
     <span class='ocr_line' id='line_1_5' title="bbox 199 1051 1344 1139; baseline 0 -20"><span class='ocrx_word' id='word_1_30' title='bbox 199 1054 268 1120; x_wconf 84' lang='lat' dir='ltr'>diso</span> <span class='ocrx_word' id='word_1_31' title='bbox 285 1054 405 1119; x_wconf 89' lang='lat' dir='ltr'>multos</span> <span class='ocrx_word' id='word_1_32' title='bbox 423 1054 527 1118; x_wconf 91' lang='lat' dir='ltr'>multa</span> <span class='ocrx_word' id='word_1_33' title='bbox 540 1051 671 1128; x_wconf 83' lang='lat' dir='ltr'>dirisse3</span> <span class='ocrx_word' id='word_1_34' title='bbox 696 1056 760 1117; x_wconf 89' lang='lat' dir='ltr'>tres</span> <span class='ocrx_word' id='word_1_35' title='bbox 774 1056 882 1117; x_wconf 86' lang='lat' dir='ltr'>tamen</span> <span class='ocrx_word' id='word_1_36' title='bbox 898 1053 936 1118; x_wconf 91' lang='lat' dir='ltr'>de</span> <span class='ocrx_word' id='word_1_37' title='bbox 950 1053 1009 1118; x_wconf 90' lang='lat' dir='ltr'>hac</span> <span class='ocrx_word' id='word_1_38' title='bbox 1023 1072 1056 1117; x_wconf 91' lang='lat' dir='ltr'>re</span> <span class='ocrx_word' id='word_1_39' title='bbox 1072 1054 1163 1137; x_wconf 90' lang='lat' dir='ltr'>quasi</span> <span class='ocrx_word' id='word_1_40' title='bbox 1182 1056 1344 1139; x_wconf 79' lang='lat' dir='ltr'>generales</span> 
     </span>
     <span class='ocr_line' id='line_1_6' title="bbox 168 1158 1346 1244; baseline 0.006 -24"><span class='ocrx_word' id='word_1_41' title='bbox 168 1162 274 1226; x_wconf 74' lang='lat' dir='ltr'>esunt</span> <span class='ocrx_word' id='word_1_42' title='bbox 309 1160 494 1227; x_wconf 87' lang='lat' dir='ltr'>sententiae.</span> <span class='ocrx_word' id='word_1_43' title='bbox 533 1178 596 1223; x_wconf 88' lang='lat' dir='ltr'>una</span> <span class='ocrx_word' id='word_1_44' title='bbox 632 1178 751 1234; x_wconf 91' lang='lat' dir='ltr'>eorum,</span> <span class='ocrx_word' id='word_1_45' title='bbox 790 1158 846 1242; x_wconf 92' lang='lat' dir='ltr'>qui</span> <span class='ocrx_word' id='word_1_46' title='bbox 882 1160 1102 1225; x_wconf 89' lang='lat' dir='ltr'>tantummodo</span> <span class='ocrx_word' id='word_1_47' title='bbox 1141 1162 1346 1244; x_wconf 76' lang='lat' dir='ltr'>corporaliter</span> 
     </span>
     <span class='ocr_line' id='line_1_7' title="bbox 196 1266 1342 1351; baseline 0 -20"><span class='ocrx_word' id='word_1_48' title='bbox 196 1266 379 1351; x_wconf 79' lang='lat' dir='ltr'>paradisum</span> <span class='ocrx_word' id='word_1_49' title='bbox 397 1266 542 1350; x_wconf 79' lang='lat' dir='ltr'>intellegi</span> <span class='ocrx_word' id='word_1_50' title='bbox 561 1267 685 1344; x_wconf 89' lang='lat' dir='ltr'>uolunt,</span> <span class='ocrx_word' id='word_1_51' title='bbox 705 1268 768 1330; x_wconf 90' lang='lat' dir='ltr'>alia</span> <span class='ocrx_word' id='word_1_52' title='bbox 785 1285 904 1342; x_wconf 89' lang='lat' dir='ltr'>eorum,</span> <span class='ocrx_word' id='word_1_53' title='bbox 925 1266 980 1349; x_wconf 90' lang='lat' dir='ltr'>qui</span> <span class='ocrx_word' id='word_1_54' title='bbox 1004 1266 1187 1351; x_wconf 75' lang='lat' dir='ltr'>spiritaliter</span> <span class='ocrx_word' id='word_1_55' title='bbox 1206 1270 1342 1342; x_wconf 85' lang='lat' dir='ltr'>tantum,</span> 
     </span>
     <span class='ocr_line' id='line_1_8' title="bbox 197 1372 1343 1458; baseline 0.002 -21"><span class='ocrx_word' id='word_1_56' title='bbox 197 1374 291 1437; x_wconf 83' lang='lat' dir='ltr'>teriia</span> <span class='ocrx_word' id='word_1_57' title='bbox 323 1393 442 1450; x_wconf 90' lang='lat' dir='ltr'>eorum,</span> <span class='ocrx_word' id='word_1_58' title='bbox 476 1372 530 1456; x_wconf 89' lang='lat' dir='ltr'>qui</span> <span class='ocrx_word' id='word_1_59' title='bbox 562 1377 697 1455; x_wconf 91' lang='lat' dir='ltr'>utroque</span> <span class='ocrx_word' id='word_1_60' title='bbox 729 1372 824 1438; x_wconf 89' lang='lat' dir='ltr'>modo</span> <span class='ocrx_word' id='word_1_61' title='bbox 857 1373 1039 1455; x_wconf 88' lang='lat' dir='ltr'>paradisum</span> <span class='ocrx_word' id='word_1_62' title='bbox 1069 1374 1239 1458; x_wconf 89' lang='lat' dir='ltr'>accipiunt,</span> <span class='ocrx_word' id='word_1_63' title='bbox 1264 1372 1343 1439; x_wconf 86' lang='lat' dir='ltr'>alias</span> 
     </span>
     <span class='ocr_line' id='line_1_9' title="bbox 198 1480 1342 1565; baseline 0.001 -21"><span class='ocrx_word' id='word_1_64' title='bbox 198 1480 409 1564; x_wconf 79' lang='lat' dir='ltr'>corporaliter,</span> <span class='ocrx_word' id='word_1_65' title='bbox 434 1481 512 1545; x_wconf 87' lang='lat' dir='ltr'>alias</span> <span class='ocrx_word' id='word_1_66' title='bbox 545 1484 650 1545; x_wconf 87' lang='lat' dir='ltr'>antem</span> <span class='ocrx_word' id='word_1_67' title='bbox 683 1480 877 1565; x_wconf 86' lang='lat' dir='ltr'>spiritaliter.</span> <span class='ocrx_word' id='word_1_68' title='bbox 906 1480 1046 1545; x_wconf 89' lang='lat' dir='ltr'>breuiter</span> <span class='ocrx_word' id='word_1_69' title='bbox 1069 1500 1144 1565; x_wconf 88' lang='lat' dir='ltr'>ergo</span> <span class='ocrx_word' id='word_1_70' title='bbox 1168 1484 1205 1545; x_wconf 91' lang='lat' dir='ltr'>ut</span> <span class='ocrx_word' id='word_1_71' title='bbox 1228 1480 1342 1557; x_wconf 90' lang='lat' dir='ltr'>dicam,</span> 
     </span>
     <span class='ocr_line' id='line_1_10' title="bbox 196 1587 1341 1670; baseline 0.002 -18"><span class='ocrx_word' id='word_1_72' title='bbox 196 1588 322 1652; x_wconf 84' lang='lat' dir='ltr'>tertiam</span> <span class='ocrx_word' id='word_1_73' title='bbox 356 1587 434 1652; x_wconf 93' lang='lat' dir='ltr'>mibi</span> <span class='ocrx_word' id='word_1_74' title='bbox 465 1587 567 1653; x_wconf 86' lang='lat' dir='ltr'>fateor</span> <span class='ocrx_word' id='word_1_75' title='bbox 594 1589 718 1670; x_wconf 88' lang='lat' dir='ltr'>placore</span> <span class='ocrx_word' id='word_1_76' title='bbox 742 1588 943 1652; x_wconf 86' lang='lat' dir='ltr'>sententiam.</span> <span class='ocrx_word' id='word_1_77' title='bbox 969 1588 1144 1653; x_wconf 90' lang='lat' dir='ltr'>secundum</span> <span class='ocrx_word' id='word_1_78' title='bbox 1167 1587 1249 1654; x_wconf 85' lang='lat' dir='ltr'>bano</span> <span class='ocrx_word' id='word_1_79' title='bbox 1273 1607 1341 1654; x_wconf 88' lang='lat' dir='ltr'>sus-</span> 
     </span>
     <span class='ocr_line' id='line_1_11' title="bbox 152 1692 1339 1779; baseline 0.007 -24"><span class='ocrx_word' id='word_1_80' title='bbox 152 1716 179 1756; x_wconf 79' lang='lat'>1⁰</span> <span class='ocrx_word' id='word_1_81' title='bbox 197 1696 266 1777; x_wconf 89' lang='lat' dir='ltr'>cepi</span> <span class='ocrx_word' id='word_1_82' title='bbox 288 1712 372 1758; x_wconf 94' lang='lat' dir='ltr'>nunc</span> <span class='ocrx_word' id='word_1_83' title='bbox 394 1692 483 1776; x_wconf 91' lang='lat' dir='ltr'>loqui</span> <span class='ocrx_word' id='word_1_84' title='bbox 506 1693 544 1757; x_wconf 93' lang='lat' dir='ltr'>de</span> <span class='ocrx_word' id='word_1_85' title='bbox 567 1692 723 1776; x_wconf 84' lang='lat' dir='ltr'>paradiso,</span> <span class='ocrx_word' id='word_1_86' title='bbox 744 1692 829 1776; x_wconf 91' lang='lat' dir='ltr'>quod</span> <span class='ocrx_word' id='word_1_87' title='bbox 849 1692 995 1758; x_wconf 88' lang='lat' dir='ltr'>dominus</span> <span class='ocrx_word' id='word_1_88' title='bbox 1015 1692 1129 1759; x_wconf 91' lang='lat' dir='ltr'>donare</span> <span class='ocrx_word' id='word_1_89' title='bbox 1149 1693 1339 1779; x_wconf 84' lang='lat' dir='ltr'>dignabitur.</span> 
     </span>
     <span class='ocr_line' id='line_1_12' title="bbox 195 1798 1340 1883; baseline 0.002 -18"><span class='ocrx_word' id='word_1_90' title='bbox 195 1802 234 1865; x_wconf 88' lang='lat' dir='ltr'>ut</span> <span class='ocrx_word' id='word_1_91' title='bbox 255 1800 350 1866; x_wconf 91' lang='lat' dir='ltr'>homo</span> <span class='ocrx_word' id='word_1_92' title='bbox 373 1799 477 1865; x_wconf 86' lang='lat' dir='ltr'>sactus</span> <span class='ocrx_word' id='word_1_93' title='bbox 502 1800 619 1864; x_wconf 89' lang='lat' dir='ltr'>elimo</span> <span class='ocrx_word' id='word_1_94' title='bbox 645 1838 685 1846; x_wconf 92' lang='lat'><em>-</em></span> <span class='ocrx_word' id='word_1_95' title='bbox 711 1798 796 1882; x_wconf 93' lang='lat' dir='ltr'>quod</span> <span class='ocrx_word' id='word_1_96' title='bbox 819 1800 930 1883; x_wconf 89' lang='lat' dir='ltr'>utique</span> <span class='ocrx_word' id='word_1_97' title='bbox 955 1819 1069 1883; x_wconf 89' lang='lat' dir='ltr'>corpus</span> <span class='ocrx_word' id='word_1_98' title='bbox 1093 1801 1267 1866; x_wconf 86' lang='lat' dir='ltr'>humanum</span> <span class='ocrx_word' id='word_1_99' title='bbox 1291 1808 1340 1867; x_wconf 90' lang='lat' dir='ltr'>est</span> 
     </span>
     <span class='ocr_line' id='line_1_13' title="bbox 197 1905 1339 1993; baseline 0.002 -22"><span class='ocrx_word' id='word_1_100' title='bbox 197 1945 237 1955; x_wconf 95' lang='lat'>-</span> <span class='ocrx_word' id='word_1_101' title='bbox 261 1908 293 1971; x_wconf 92' lang='lat' dir='ltr'>in</span> <span class='ocrx_word' id='word_1_102' title='bbox 318 1906 462 1990; x_wconf 88' lang='lat' dir='ltr'>paradiso</span> <span class='ocrx_word' id='word_1_103' title='bbox 487 1905 643 1989; x_wconf 89' lang='lat' dir='ltr'>corporali</span> <span class='ocrx_word' id='word_1_104' title='bbox 666 1908 851 1972; x_wconf 88' lang='lat' dir='ltr'>conlocatus</span> <span class='ocrx_word' id='word_1_105' title='bbox 878 1908 1093 1993; x_wconf 87' lang='lat' dir='ltr'>intellegatur,</span> <span class='ocrx_word' id='word_1_106' title='bbox 1122 1910 1168 1988; x_wconf 86' lang='lat' dir='ltr'>ut,</span> <span class='ocrx_word' id='word_1_107' title='bbox 1192 1908 1339 1990; x_wconf 86' lang='lat' dir='ltr'>quemad-</span> 
     </span>
     <span class='ocr_line' id='line_1_14' title="bbox 195 2011 1339 2099; baseline 0.002 -22"><span class='ocrx_word' id='word_1_108' title='bbox 195 2014 325 2079; x_wconf 88' lang='lat' dir='ltr'>modum</span> <span class='ocrx_word' id='word_1_109' title='bbox 348 2013 417 2097; x_wconf 91' lang='lat' dir='ltr'>ipse</span> <span class='ocrx_word' id='word_1_110' title='bbox 438 2012 550 2090; x_wconf 84' lang='lat' dir='ltr'>Adam,</span> <span class='ocrx_word' id='word_1_111' title='bbox 575 2011 636 2078; x_wconf 87' lang='lat' dir='ltr'>etei</span> <span class='ocrx_word' id='word_1_112' title='bbox 660 2012 779 2094; x_wconf 89' lang='lat' dir='ltr'>aliquid</span> <span class='ocrx_word' id='word_1_113' title='bbox 804 2012 891 2078; x_wconf 89' lang='lat' dir='ltr'>aliud</span> <span class='ocrx_word' id='word_1_114' title='bbox 915 2014 1074 2099; x_wconf 88' lang='lat' dir='ltr'>significat</span> <span class='ocrx_word' id='word_1_115' title='bbox 1098 2014 1272 2079; x_wconf 91' lang='lat' dir='ltr'>secundum</span> <span class='ocrx_word' id='word_1_116' title='bbox 1296 2016 1339 2088; x_wconf 85' lang='lat' dir='ltr'>id,</span> 
     </span>
     <span class='ocr_line' id='line_1_15' title="bbox 195 2120 1338 2203; baseline 0.001 -19"><span class='ocrx_word' id='word_1_117' title='bbox 195 2120 279 2202; x_wconf 91' lang='lat' dir='ltr'>quod</span> <span class='ocrx_word' id='word_1_118' title='bbox 313 2138 386 2186; x_wconf 90' lang='lat' dir='ltr'>eum</span> <span class='ocrx_word' id='word_1_119' title='bbox 418 2120 552 2185; x_wconf 87' lang='lat' dir='ltr'>formam</span> <span class='ocrx_word' id='word_1_120' title='bbox 579 2120 679 2185; x_wconf 87' lang='lat' dir='ltr'>futuri</span> <span class='ocrx_word' id='word_1_121' title='bbox 708 2138 779 2185; x_wconf 89' lang='lat' dir='ltr'>esse</span> <span class='ocrx_word' id='word_1_122' title='bbox 808 2120 886 2184; x_wconf 83' lang='lat' dir='ltr'>dixit</span> <span class='ocrx_word' id='word_1_123' title='bbox 913 2121 1089 2203; x_wconf 70' lang='lat' dir='ltr'>apostolus</span> <span class='ocrx_word' id='word_1_124' title='bbox 1113 2120 1208 2186; x_wconf 92' lang='lat' dir='ltr'>bomo</span> <span class='ocrx_word' id='word_1_125' title='bbox 1232 2126 1338 2186; x_wconf 90' lang='lat' dir='ltr'>tamen</span> 
     </span>
     <span class='ocr_line' id='line_1_16' title="bbox 151 2225 1339 2309; baseline -0.001 -18"><span class='ocrx_word' id='word_1_126' title='bbox 151 2252 177 2291; x_wconf 79' lang='lat'>15</span> <span class='ocrx_word' id='word_1_127' title='bbox 194 2226 226 2290; x_wconf 93' lang='lat' dir='ltr'>in</span> <span class='ocrx_word' id='word_1_128' title='bbox 248 2229 361 2291; x_wconf 87' lang='lat' dir='ltr'>natura</span> <span class='ocrx_word' id='word_1_129' title='bbox 382 2226 509 2309; x_wconf 92' lang='lat' dir='ltr'>propria</span> <span class='ocrx_word' id='word_1_130' title='bbox 532 2244 698 2308; x_wconf 81' lang='lat' dir='ltr'>expressus</span> <span class='ocrx_word' id='word_1_131' title='bbox 722 2225 887 2309; x_wconf 86' lang='lat' dir='ltr'>accipitur,</span> <span class='ocrx_word' id='word_1_132' title='bbox 911 2225 966 2308; x_wconf 92' lang='lat' dir='ltr'>qui</span> <span class='ocrx_word' id='word_1_133' title='bbox 993 2225 1073 2291; x_wconf 84' lang='lat' dir='ltr'>uixit</span> <span class='ocrx_word' id='word_1_134' title='bbox 1100 2230 1184 2291; x_wconf 87' lang='lat' dir='ltr'>certo</span> <span class='ocrx_word' id='word_1_135' title='bbox 1209 2246 1339 2291; x_wconf 89' lang='lat' dir='ltr'>numero</span> 
     </span>
     <span class='ocr_line' id='line_1_17' title="bbox 194 2332 1340 2417; baseline 0 -20"><span class='ocrx_word' id='word_1_136' title='bbox 194 2350 347 2397; x_wconf 91' lang='lat' dir='ltr'>annorum</span> <span class='ocrx_word' id='word_1_137' title='bbox 380 2335 412 2397; x_wconf 91' lang='lat' dir='ltr'>et</span> <span class='ocrx_word' id='word_1_138' title='bbox 444 2335 619 2417; x_wconf 87' lang='lat' dir='ltr'>propagata</span> <span class='ocrx_word' id='word_1_139' title='bbox 649 2351 817 2397; x_wconf 88' lang='lat' dir='ltr'>numerosa</span> <span class='ocrx_word' id='word_1_140' title='bbox 853 2332 941 2413; x_wconf 90' lang='lat' dir='ltr'>prole</span> <span class='ocrx_word' id='word_1_141' title='bbox 979 2334 1124 2397; x_wconf 89' lang='lat' dir='ltr'>mortuus</span> <span class='ocrx_word' id='word_1_142' title='bbox 1163 2336 1221 2411; x_wconf 85' lang='lat' dir='ltr'>est,</span> <span class='ocrx_word' id='word_1_143' title='bbox 1255 2333 1340 2399; x_wconf 88' lang='lat' dir='ltr'>sicut</span> 
     </span>
     <span class='ocr_line' id='line_1_18' title="bbox 193 2437 1338 2524; baseline 0.003 -22"><span class='ocrx_word' id='word_1_144' title='bbox 193 2439 372 2504; x_wconf 90' lang='lat' dir='ltr'>moriuntur</span> <span class='ocrx_word' id='word_1_145' title='bbox 395 2441 428 2503; x_wconf 91' lang='lat' dir='ltr'>et</span> <span class='ocrx_word' id='word_1_146' title='bbox 450 2437 547 2503; x_wconf 85' lang='lat' dir='ltr'>ceteri</span> <span class='ocrx_word' id='word_1_147' title='bbox 569 2437 723 2516; x_wconf 86' lang='lat' dir='ltr'>homines,</span> <span class='ocrx_word' id='word_1_148' title='bbox 749 2437 812 2503; x_wconf 88' lang='lat' dir='ltr'>etsi</span> <span class='ocrx_word' id='word_1_149' title='bbox 834 2456 895 2503; x_wconf 93' lang='lat' dir='ltr'>non</span> <span class='ocrx_word' id='word_1_150' title='bbox 921 2438 1005 2504; x_wconf 89' lang='lat' dir='ltr'>slout</span> <span class='ocrx_word' id='word_1_151' title='bbox 1029 2438 1124 2504; x_wconf 90' lang='lat' dir='ltr'>ceteri</span> <span class='ocrx_word' id='word_1_152' title='bbox 1145 2458 1181 2505; x_wconf 82' lang='lat' dir='ltr'>er</span> <span class='ocrx_word' id='word_1_153' title='bbox 1204 2438 1338 2524; x_wconf 87' lang='lat' dir='ltr'>parenti-</span> 
     </span>
     <span class='ocr_line' id='line_1_19' title="bbox 192 2545 1338 2629; baseline 0.001 -20"><span class='ocrx_word' id='word_1_154' title='bbox 192 2545 253 2612; x_wconf 86' lang='lat' dir='ltr'>bus</span> <span class='ocrx_word' id='word_1_155' title='bbox 276 2549 381 2622; x_wconf 89' lang='lat' dir='ltr'>natus,</span> <span class='ocrx_word' id='word_1_156' title='bbox 406 2545 462 2610; x_wconf 89' lang='lat' dir='ltr'>sod</span> <span class='ocrx_word' id='word_1_157' title='bbox 492 2545 577 2610; x_wconf 87' lang='lat' dir='ltr'>siout</span> <span class='ocrx_word' id='word_1_158' title='bbox 603 2545 751 2629; x_wconf 86' lang='lat' dir='ltr'>primitus</span> <span class='ocrx_word' id='word_1_159' title='bbox 775 2545 942 2628; x_wconf 87' lang='lat' dir='ltr'>oportebat</span> <span class='ocrx_word' id='word_1_160' title='bbox 970 2564 1006 2610; x_wconf 88' lang='lat' dir='ltr'>er</span> <span class='ocrx_word' id='word_1_161' title='bbox 1033 2549 1116 2612; x_wconf 85' lang='lat' dir='ltr'>terra</span> <span class='ocrx_word' id='word_1_162' title='bbox 1148 2547 1251 2613; x_wconf 84' lang='lat' dir='ltr'>factus</span> <span class='ocrx_word' id='word_1_163' title='bbox 1277 2551 1338 2626; x_wconf 89' lang='lat' dir='ltr'>est,</span> 
     </span>
     <span class='ocr_line' id='line_1_20' title="bbox 191 2651 1338 2737; baseline 0.003 -21"><span class='ocrx_word' id='word_1_164' title='bbox 191 2651 238 2716; x_wconf 89' lang='lat' dir='ltr'>ita</span> <span class='ocrx_word' id='word_1_165' title='bbox 257 2657 289 2717; x_wconf 87' lang='lat' dir='ltr'>ot</span> <span class='ocrx_word' id='word_1_166' title='bbox 306 2652 482 2734; x_wconf 87' lang='lat' dir='ltr'>paradisus,</span> <span class='ocrx_word' id='word_1_167' title='bbox 502 2652 534 2717; x_wconf 91' lang='lat' dir='ltr'>in</span> <span class='ocrx_word' id='word_1_168' title='bbox 554 2670 616 2734; x_wconf 92' lang='lat' dir='ltr'>quo</span> <span class='ocrx_word' id='word_1_169' title='bbox 636 2671 709 2717; x_wconf 91' lang='lat' dir='ltr'>oum</span> <span class='ocrx_word' id='word_1_170' title='bbox 729 2653 909 2718; x_wconf 88' lang='lat' dir='ltr'>conlocauit</span> <span class='ocrx_word' id='word_1_171' title='bbox 928 2651 1018 2732; x_wconf 88' lang='lat' dir='ltr'>deus,</span> <span class='ocrx_word' id='word_1_172' title='bbox 1038 2653 1117 2717; x_wconf 89' lang='lat' dir='ltr'>nihil</span> <span class='ocrx_word' id='word_1_173' title='bbox 1136 2652 1225 2718; x_wconf 89' lang='lat' dir='ltr'>aliud</span> <span class='ocrx_word' id='word_1_174' title='bbox 1243 2673 1338 2737; x_wconf 86' lang='lat' dir='ltr'>quam</span> 
     </span>
     <span class='ocr_line' id='line_1_21' title="bbox 146 2759 1336 2843; baseline -0.002 -15"><span class='ocrx_word' id='word_1_175' title='bbox 146 2789 173 2829; x_wconf 79' lang='lat' dir='ltr'>so</span> <span class='ocrx_word' id='word_1_176' title='bbox 190 2759 281 2825; x_wconf 89' lang='lat' dir='ltr'>locus</span> <span class='ocrx_word' id='word_1_177' title='bbox 306 2759 435 2842; x_wconf 87' lang='lat' dir='ltr'>quidam</span> <span class='ocrx_word' id='word_1_178' title='bbox 457 2759 662 2843; x_wconf 85' lang='lat' dir='ltr'>intellegatur</span> <span class='ocrx_word' id='word_1_179' title='bbox 688 2762 789 2824; x_wconf 88' lang='lat' dir='ltr'>terrae</span> <span class='ocrx_word' id='word_1_180' title='bbox 819 2759 952 2836; x_wconf 84' lang='lat' dir='ltr'>sedicet,</span> <span class='ocrx_word' id='word_1_181' title='bbox 982 2760 1037 2825; x_wconf 91' lang='lat' dir='ltr'>ubi</span> <span class='ocrx_word' id='word_1_182' title='bbox 1061 2759 1220 2825; x_wconf 88' lang='lat' dir='ltr'>habitaret</span> <span class='ocrx_word' id='word_1_183' title='bbox 1242 2762 1336 2827; x_wconf 92' lang='lat' dir='ltr'>homo</span> 
     </span>
     <span class='ocr_line' id='line_1_22' title="bbox 192 2869 345 2932; baseline 0.013 -2"><span class='ocrx_word' id='word_1_184' title='bbox 192 2869 345 2932; x_wconf 88' lang='lat' dir='ltr'>terrenus.</span> 
     </span>
     <span class='ocr_line' id='line_1_23' title="bbox 235 2971 1336 3059; baseline 0.001 -22"><span class='ocrx_word' id='word_1_185' title='bbox 235 2971 379 3039; x_wconf 87' lang='lat' dir='ltr'>Narratio</span> <span class='ocrx_word' id='word_1_186' title='bbox 410 2973 526 3057; x_wconf 89' lang='lat' dir='ltr'>quippe</span> <span class='ocrx_word' id='word_1_187' title='bbox 553 2974 586 3038; x_wconf 92' lang='lat' dir='ltr'>in</span> <span class='ocrx_word' id='word_1_188' title='bbox 612 2973 663 3040; x_wconf 90' lang='lat' dir='ltr'>bis</span> <span class='ocrx_word' id='word_1_189' title='bbox 686 2973 776 3038; x_wconf 92' lang='lat' dir='ltr'>libris</span> <span class='ocrx_word' id='word_1_190' title='bbox 800 2992 862 3038; x_wconf 93' lang='lat' dir='ltr'>non</span> <span class='ocrx_word' id='word_1_191' title='bbox 886 2993 999 3059; x_wconf 86' lang='lat' dir='ltr'>genero</span> <span class='ocrx_word' id='word_1_192' title='bbox 1027 2975 1198 3040; x_wconf 89' lang='lat' dir='ltr'>locutionis</span> <span class='ocrx_word' id='word_1_193' title='bbox 1222 2973 1336 3059; x_wconf 87' lang='lat' dir='ltr'>figura-</span> 
     </span>
     <span class='ocr_line' id='line_1_24' title="bbox 190 3079 1335 3158; baseline 0.004 -16"><span class='ocrx_word' id='word_1_194' title='bbox 190 3081 294 3142; x_wconf 89' lang='lat' dir='ltr'>tarum</span> <span class='ocrx_word' id='word_1_195' title='bbox 324 3099 429 3144; x_wconf 89' lang='lat' dir='ltr'>rerum</span> <span class='ocrx_word' id='word_1_196' title='bbox 462 3081 512 3146; x_wconf 87' lang='lat' dir='ltr'>est</span> <span class='ocrx_word' id='word_1_197' title='bbox 543 3081 628 3146; x_wconf 89' lang='lat' dir='ltr'>siout</span> <span class='ocrx_word' id='word_1_198' title='bbox 658 3081 690 3145; x_wconf 94' lang='lat' dir='ltr'>in</span> <span class='ocrx_word' id='word_1_199' title='bbox 720 3081 850 3147; x_wconf 79' lang='lat' dir='ltr'>cantico</span> <span class='ocrx_word' id='word_1_200' title='bbox 883 3081 1087 3158; x_wconf 86' lang='lat' dir='ltr'>cantieorum,</span> <span class='ocrx_word' id='word_1_201' title='bbox 1121 3079 1177 3146; x_wconf 86' lang='lat' dir='ltr'>sed</span> <span class='ocrx_word' id='word_1_202' title='bbox 1209 3081 1335 3147; x_wconf 92' lang='lat' dir='ltr'>omnino</span> 
     </span>
     <span class='ocr_line' id='line_1_25' title="bbox 191 3187 1334 3272; baseline 0.006 -23"><span class='ocrx_word' id='word_1_203' title='bbox 191 3189 354 3269; x_wconf 87' lang='lat' dir='ltr'>gestarum</span> <span class='ocrx_word' id='word_1_204' title='bbox 377 3189 427 3251; x_wconf 84' lang='lat' dir='ltr'>est</span> <span class='ocrx_word' id='word_1_205' title='bbox 447 3187 533 3251; x_wconf 88' lang='lat' dir='ltr'>sient</span> <span class='ocrx_word' id='word_1_206' title='bbox 555 3187 588 3251; x_wconf 92' lang='lat' dir='ltr'>in</span> <span class='ocrx_word' id='word_1_207' title='bbox 605 3188 787 3272; x_wconf 81' lang='lat' dir='ltr'>Regnorum</span> <span class='ocrx_word' id='word_1_208' title='bbox 807 3187 897 3252; x_wconf 89' lang='lat' dir='ltr'>libris</span> <span class='ocrx_word' id='word_1_209' title='bbox 919 3193 951 3252; x_wconf 89' lang='lat' dir='ltr'>et</span> <span class='ocrx_word' id='word_1_210' title='bbox 969 3188 1190 3254; x_wconf 87' lang='lat' dir='ltr'>huiuscemodi</span> <span class='ocrx_word' id='word_1_211' title='bbox 1210 3187 1334 3256; x_wconf 87' lang='lat' dir='ltr'>ceteris.</span> 
     </span>
    </p>
   </div>
   <div class='ocr_carea' id='block_1_5' title="bbox 278 3393 800 3460">
    <p class='ocr_par' dir='ltr' id='par_1_5' title="bbox 278 3393 800 3460">
     <span class='ocr_line' id='line_1_26' title="bbox 278 3393 800 3460; baseline 0.006 -13"><span class='ocrx_word' id='word_1_212' title='bbox 278 3394 295 3447; x_wconf 85' lang='lat'>2</span> <span class='ocrx_word' id='word_1_213' title='bbox 314 3393 383 3450; x_wconf 88' lang='lat' dir='ltr'>Gen.</span> <span class='ocrx_word' id='word_1_214' title='bbox 401 3395 428 3459; x_wconf 89' lang='grc'>2,</span> <span class='ocrx_word' id='word_1_215' title='bbox 445 3394 462 3449; x_wconf 87' lang='grc'>8</span> <span class='ocrx_word' id='word_1_216' title='bbox 519 3394 553 3449; x_wconf 82' lang='lat'>14</span> <span class='ocrx_word' id='word_1_217' title='bbox 571 3394 604 3448; x_wconf 84' lang='lat' dir='ltr'>cf.</span> <span class='ocrx_word' id='word_1_218' title='bbox 623 3395 700 3450; x_wconf 85' lang='lat' dir='ltr'>Rom.</span> <span class='ocrx_word' id='word_1_219' title='bbox 719 3396 745 3460; x_wconf 80' lang='grc'>5,</span> <span class='ocrx_word' id='word_1_220' title='bbox 765 3397 800 3450; x_wconf 82' lang='grc'>14</span> 
     </span>
    </p>
   </div>
   <div class='ocr_carea' id='block_1_6' title="bbox 188 3517 1333 3764">
    <p class='ocr_par' dir='ltr' id='par_1_6' title="bbox 188 3517 1333 3764">
     <span class='ocr_line' id='line_1_27' title="bbox 225 3517 1333 3592; baseline 0.003 -20"><span class='ocrx_word' id='word_1_221' title='bbox 225 3518 239 3571; x_wconf 96' lang='grc'>1</span> <span class='ocrx_word' id='word_1_222' title='bbox 259 3517 453 3588; x_wconf 82' lang='lat' dir='ltr'>Explicuerunt</span> <span class='ocrx_word' id='word_1_223' title='bbox 471 3519 591 3589; x_wconf 84' lang='lat' dir='ltr'>capitula</span> <span class='ocrx_word' id='word_1_224' title='bbox 609 3518 654 3574; x_wconf 78' lang='lat' dir='ltr'>ind</span> <span class='ocrx_word' id='word_1_225' title='bbox 671 3519 710 3574; x_wconf 92' lang='lat' dir='ltr'>lib</span> <span class='ocrx_word' id='word_1_226' title='bbox 730 3520 845 3574; x_wconf 85' lang='lat' dir='ltr'>octabus</span> <span class='ocrx_word' id='word_1_227' title='bbox 862 3521 912 3588; x_wconf 83' lang='lat' dir='ltr'>sol.</span> <span class='ocrx_word' id='word_1_228' title='bbox 932 3524 982 3574; x_wconf 70' lang='lat'>114</span> <span class='ocrx_word' id='word_1_229' title='bbox 1000 3521 1030 3574; x_wconf 84' lang='lat' dir='ltr'><strong><em>E</em></strong></span> <span class='ocrx_word' id='word_1_230' title='bbox 1046 3521 1147 3592; x_wconf 87' lang='lat' dir='ltr'>Incipit</span> <span class='ocrx_word' id='word_1_231' title='bbox 1165 3521 1235 3576; x_wconf 89' lang='lat' dir='ltr'>liber</span> <span class='ocrx_word' id='word_1_232' title='bbox 1249 3521 1333 3575; x_wconf 88' lang='lat' dir='ltr'>·vn1·</span> 
     </span>
     <span class='ocr_line' id='line_1_28' title="bbox 189 3607 1333 3680; baseline 0.003 -20"><span class='ocrx_word' id='word_1_233' title='bbox 189 3608 296 3676; x_wconf 84' lang='lat' dir='ltr'>genesis</span> <span class='ocrx_word' id='word_1_234' title='bbox 316 3607 350 3662; x_wconf 84' lang='lat' dir='ltr'>ad</span> <span class='ocrx_word' id='word_1_235' title='bbox 367 3607 463 3662; x_wconf 82' lang='lat' dir='ltr'>littera</span> <span class='ocrx_word' id='word_1_236' title='bbox 481 3608 549 3674; x_wconf 77' lang='lat' dir='ltr'>(rita.</span> <span class='ocrx_word' id='word_1_237' title='bbox 568 3609 634 3662; x_wconf 81' lang='lat' dir='ltr'>moi.</span> <span class='ocrx_word' id='word_1_238' title='bbox 651 3608 742 3675; x_wconf 79' lang='lat' dir='ltr'>rubr.)</span> <span class='ocrx_word' id='word_1_239' title='bbox 761 3609 812 3677; x_wconf 73' lang='lat' dir='ltr'>fol,</span> <span class='ocrx_word' id='word_1_240' title='bbox 833 3608 937 3664; x_wconf 82' lang='lat' dir='ltr'>rra-P</span> <span class='ocrx_word' id='word_1_241' title='bbox 949 3609 1051 3679; x_wconf 87' lang='lat' dir='ltr'>Incipit</span> <span class='ocrx_word' id='word_1_242' title='bbox 1064 3609 1134 3664; x_wconf 88' lang='lat' dir='ltr'>liber</span> <span class='ocrx_word' id='word_1_243' title='bbox 1148 3609 1213 3664; x_wconf 89' lang='lat' dir='ltr'><strong>VIII</strong></span> <span class='ocrx_word' id='word_1_244' title='bbox 1226 3611 1333 3680; x_wconf 85' lang='lat' dir='ltr'>genesis</span> 
     </span>
     <span class='ocr_line' id='line_1_29' title="bbox 188 3693 1331 3764; baseline 0.003 -16"><span class='ocrx_word' id='word_1_245' title='bbox 188 3693 224 3749; x_wconf 86' lang='lat' dir='ltr'>ad</span> <span class='ocrx_word' id='word_1_246' title='bbox 240 3695 360 3749; x_wconf 86' lang='lat' dir='ltr'>litteram</span> <span class='ocrx_word' id='word_1_247' title='bbox 381 3696 448 3762; x_wconf 76' lang='lat' dir='ltr'>(ria.</span> <span class='ocrx_word' id='word_1_248' title='bbox 467 3697 547 3764; x_wconf 76' lang='lat' dir='ltr'>mi)</span> <span class='ocrx_word' id='word_1_249' title='bbox 565 3696 615 3764; x_wconf 82' lang='lat' dir='ltr'>sol.</span> <span class='ocrx_word' id='word_1_250' title='bbox 636 3697 739 3752; x_wconf 77' lang='lat' dir='ltr'>rra-R</span> <span class='ocrx_word' id='word_1_251' title='bbox 781 3698 799 3752; x_wconf 87' lang='grc'>2</span> <span class='ocrx_word' id='word_1_252' title='bbox 818 3696 895 3751; x_wconf 88' lang='lat' dir='ltr'>edem</span> <span class='ocrx_word' id='word_1_253' title='bbox 913 3697 970 3752; x_wconf 85' lang='lat' dir='ltr'>E¹b</span> <span class='ocrx_word' id='word_1_254' title='bbox 989 3697 1083 3752; x_wconf 85' lang='lat' dir='ltr'>aedem</span> <span class='ocrx_word' id='word_1_255' title='bbox 1103 3697 1126 3754; x_wconf 82' lang='lat' dir='ltr'><em>S</em></span> <span class='ocrx_word' id='word_1_256' title='bbox 1160 3699 1176 3751; x_wconf 90' lang='lat'><strong>3</strong></span> <span class='ocrx_word' id='word_1_257' title='bbox 1195 3699 1331 3753; x_wconf 89' lang='lat' dir='ltr'>hominem</span> 
     </span>
    </p>
   </div>
   <div class='ocr_carea' id='block_1_7' title="bbox 185 3779 1334 4488">
    <p class='ocr_par' dir='ltr' id='par_1_7' title="bbox 185 3779 1334 4488">
     <span class='ocr_line' id='line_1_30' title="bbox 187 3779 1333 3883; baseline 0.004 -21"><span class='ocrx_word' id='word_1_258' title='bbox 187 3809 468 3880; x_wconf 72' lang='lat' dir='ltr'>ibiE;of.233‚a5</span> <span class='ocrx_word' id='word_1_259' title='bbox 522 3811 798 3869; x_wconf 76' lang='lat' dir='ltr'>ldes.l.m.1R</span> <span class='ocrx_word' id='word_1_260' title='bbox 867 3779 933 3867; x_wconf 58' lang='lat' dir='ltr'>hai·</span> <span class='ocrx_word' id='word_1_261' title='bbox 953 3815 1033 3880; x_wconf 79' lang='lat' dir='ltr'>(corr.</span> <span class='ocrx_word' id='word_1_262' title='bbox 1053 3831 1087 3870; x_wconf 86' lang='lat' dir='ltr'>m.</span> <span class='ocrx_word' id='word_1_263' title='bbox 1108 3817 1134 3882; x_wconf 94' lang='lat' dir='ltr'>l)</span> <span class='ocrx_word' id='word_1_264' title='bbox 1153 3813 1181 3869; x_wconf 84' lang='lat' dir='ltr'><strong><em>R</em></strong></span> <span class='ocrx_word' id='word_1_265' title='bbox 1254 3815 1333 3883; x_wconf 86' lang='lat' dir='ltr'>quasi</span> 
     </span>
     <span class='ocr_line' id='line_1_31' title="bbox 186 3899 1334 3972; baseline 0.003 -19"><span class='ocrx_word' id='word_1_266' title='bbox 186 3899 278 3955; x_wconf 61' lang='grc' dir='ltr'>συιδ</span> <span class='ocrx_word' id='word_1_267' title='bbox 312 3899 345 3954; x_wconf 89' lang='grc'>12</span> <span class='ocrx_word' id='word_1_268' title='bbox 364 3901 496 3970; x_wconf 87' lang='lat' dir='ltr'>corporali</span> <span class='ocrx_word' id='word_1_269' title='bbox 515 3903 556 3970; x_wconf 88' lang='lat' dir='ltr'>(co</span> <span class='ocrx_word' id='word_1_270' title='bbox 574 3902 606 3954; x_wconf 76' lang='lat' dir='ltr'>ia</span> <span class='ocrx_word' id='word_1_271' title='bbox 624 3903 694 3968; x_wconf 80' lang='lat' dir='ltr'>roa.)</span> <span class='ocrx_word' id='word_1_272' title='bbox 709 3902 737 3956; x_wconf 94' lang='lat' dir='ltr'><strong><em>P</em></strong></span> <span class='ocrx_word' id='word_1_273' title='bbox 789 3901 1001 3958; x_wconf 62' lang='lat' dir='ltr'>conlocatum</span> <span class='ocrx_word' id='word_1_274' title='bbox 1056 3902 1291 3972; x_wconf 86' lang='lat' dir='ltr'>quemammodum</span> <span class='ocrx_word' id='word_1_275' title='bbox 1305 3903 1334 3957; x_wconf 90' lang='lat' dir='ltr'><em>P</em></span> 
     </span>
     <span class='ocr_line' id='line_1_32' title="bbox 187 3988 1331 4063; baseline 0.003 -21"><span class='ocrx_word' id='word_1_276' title='bbox 187 3988 440 4057; x_wconf 86' lang='lat' dir='ltr'>quaemammodum</span> <span class='ocrx_word' id='word_1_277' title='bbox 458 3989 486 4045; x_wconf 86' lang='lat' dir='ltr'><em>R</em></span> <span class='ocrx_word' id='word_1_278' title='bbox 542 3991 576 4045; x_wconf 84' lang='lat'>14</span> <span class='ocrx_word' id='word_1_279' title='bbox 594 3989 663 4046; x_wconf 87' lang='lat' dir='ltr'>dixit</span> <span class='ocrx_word' id='word_1_280' title='bbox 681 4008 739 4046; x_wconf 87' lang='lat' dir='ltr'>esse</span> <span class='ocrx_word' id='word_1_281' title='bbox 758 3992 819 4046; x_wconf 79' lang='lat' dir='ltr'>de</span> <span class='ocrx_word' id='word_1_282' title='bbox 873 3994 906 4047; x_wconf 79' lang='lat'>15</span> <span class='ocrx_word' id='word_1_283' title='bbox 927 4009 1083 4063; x_wconf 83' lang='lat' dir='ltr'>expraessus</span> <span class='ocrx_word' id='word_1_284' title='bbox 1101 3993 1156 4048; x_wconf 80' lang='lat' dir='ltr'>PR</span> <span class='ocrx_word' id='word_1_285' title='bbox 1233 3993 1331 4062; x_wconf 84' lang='lat' dir='ltr'>accipi-</span> 
     </span>
     <span class='ocr_line' id='line_1_33' title="bbox 186 4078 1331 4152; baseline 0.003 -22"><span class='ocrx_word' id='word_1_286' title='bbox 186 4081 249 4131; x_wconf 88' lang='lat' dir='ltr'>atur</span> <span class='ocrx_word' id='word_1_287' title='bbox 267 4078 329 4137; x_wconf 81' lang='lat' dir='ltr'>lolt.</span> <span class='ocrx_word' id='word_1_288' title='bbox 348 4095 364 4133; x_wconf 83' lang='lat' dir='ltr'>a</span> <span class='ocrx_word' id='word_1_289' title='bbox 381 4095 403 4133; x_wconf 83' lang='lat' dir='ltr'>a.</span> <span class='ocrx_word' id='word_1_290' title='bbox 424 4079 442 4132; x_wconf 84' lang='lat' dir='ltr'>l.</span> <span class='ocrx_word' id='word_1_291' title='bbox 460 4095 495 4133; x_wconf 86' lang='lat' dir='ltr'>m.</span> <span class='ocrx_word' id='word_1_292' title='bbox 516 4080 543 4146; x_wconf 78' lang='lat'>1)</span> <span class='ocrx_word' id='word_1_293' title='bbox 561 4079 590 4135; x_wconf 85' lang='lat' dir='ltr'><em>R</em></span> <span class='ocrx_word' id='word_1_294' title='bbox 681 4083 715 4135; x_wconf 80' lang='lat'>16</span> <span class='ocrx_word' id='word_1_295' title='bbox 733 4083 885 4152; x_wconf 89' lang='lat' dir='ltr'>propagato</span> <span class='ocrx_word' id='word_1_296' title='bbox 905 4080 1100 4151; x_wconf 80' lang='lat' dir='ltr'>Spropetrato</span> <span class='ocrx_word' id='word_1_297' title='bbox 1119 4081 1159 4137; x_wconf 88' lang='lat' dir='ltr'>R¹</span> <span class='ocrx_word' id='word_1_298' title='bbox 1251 4081 1283 4136; x_wconf 89' lang='lat' dir='ltr'>l&#39;l</span> <span class='ocrx_word' id='word_1_299' title='bbox 1303 4085 1331 4136; x_wconf 84' lang='lat' dir='ltr'>et</span> 
     </span>
     <span class='ocr_line' id='line_1_34' title="bbox 185 4167 1330 4239; baseline 0.003 -19"><span class='ocrx_word' id='word_1_300' title='bbox 185 4167 368 4223; x_wconf 77' lang='lat' dir='ltr'>orn.PRde</span> <span class='ocrx_word' id='word_1_301' title='bbox 438 4167 522 4239; x_wconf 76' lang='lat' dir='ltr'>ceteri</span> <span class='ocrx_word' id='word_1_302' title='bbox 534 4167 583 4223; x_wconf 73' lang='lat'>80</span> <span class='ocrx_word' id='word_1_303' title='bbox 635 4169 669 4222; x_wconf 87' lang='lat'>18</span> <span class='ocrx_word' id='word_1_304' title='bbox 683 4171 730 4224; x_wconf 86' lang='lat' dir='ltr'>aed</span> <span class='ocrx_word' id='word_1_305' title='bbox 741 4171 774 4224; x_wconf 79' lang='lat' dir='ltr'>ia</span> <span class='ocrx_word' id='word_1_306' title='bbox 785 4186 843 4224; x_wconf 81' lang='lat' dir='ltr'>ros.</span> <span class='ocrx_word' id='word_1_307' title='bbox 859 4187 893 4226; x_wconf 86' lang='lat' dir='ltr'>m.</span> <span class='ocrx_word' id='word_1_308' title='bbox 909 4170 1063 4226; x_wconf 85' lang='lat' dir='ltr'>2Rom.b</span> <span class='ocrx_word' id='word_1_309' title='bbox 1136 4171 1270 4225; x_wconf 87' lang='lat' dir='ltr'>sioutom.</span> <span class='ocrx_word' id='word_1_310' title='bbox 1286 4169 1330 4226; x_wconf 76' lang='lat' dir='ltr'>so</span> 
     </span>
     <span class='ocr_line' id='line_1_35' title="bbox 186 4255 1332 4330; baseline 0.005 -22"><span class='ocrx_word' id='word_1_311' title='bbox 186 4255 341 4326; x_wconf 86' lang='lat' dir='ltr'>oportebat]</span> <span class='ocrx_word' id='word_1_312' title='bbox 355 4259 388 4310; x_wconf 87' lang='lat' dir='ltr'>ut</span> <span class='ocrx_word' id='word_1_313' title='bbox 401 4256 575 4326; x_wconf 85' lang='lat' dir='ltr'>oportebatb</span> <span class='ocrx_word' id='word_1_314' title='bbox 630 4258 664 4311; x_wconf 86' lang='lat'>19</span> <span class='ocrx_word' id='word_1_315' title='bbox 677 4257 831 4312; x_wconf 84' lang='lat' dir='ltr'>conlocauit</span> <span class='ocrx_word' id='word_1_316' title='bbox 843 4257 882 4311; x_wconf 88' lang='lat' dir='ltr'>E¹</span> <span class='ocrx_word' id='word_1_317' title='bbox 936 4259 972 4312; x_wconf 88' lang='grc'>20</span> <span class='ocrx_word' id='word_1_318' title='bbox 989 4261 1088 4330; x_wconf 85' lang='lat' dir='ltr'>terrae]</span> <span class='ocrx_word' id='word_1_319' title='bbox 1108 4263 1180 4313; x_wconf 88' lang='lat' dir='ltr'>terra</span> <span class='ocrx_word' id='word_1_320' title='bbox 1192 4257 1332 4314; x_wconf 79' lang='lat' dir='ltr'>PRSde</span> 
     </span>
     <span class='ocr_line' id='line_1_36' title="bbox 186 4344 1330 4418; baseline 0.005 -20"><span class='ocrx_word' id='word_1_321' title='bbox 186 4348 218 4412; x_wconf 85' lang='lat' dir='ltr'>(a.</span> <span class='ocrx_word' id='word_1_322' title='bbox 238 4345 254 4399; x_wconf 82' lang='lat'>1.</span> <span class='ocrx_word' id='word_1_323' title='bbox 276 4344 342 4402; x_wconf 85' lang='lat' dir='ltr'>odd.</span> <span class='ocrx_word' id='word_1_324' title='bbox 361 4361 396 4399; x_wconf 87' lang='lat' dir='ltr'>m.</span> <span class='ocrx_word' id='word_1_325' title='bbox 415 4347 432 4399; x_wconf 92' lang='grc'>2</span> <span class='ocrx_word' id='word_1_326' title='bbox 451 4345 480 4399; x_wconf 85' lang='lat' dir='ltr'>al</span> <span class='ocrx_word' id='word_1_327' title='bbox 497 4349 538 4412; x_wconf 90' lang='lat' dir='ltr'>ra)</span> <span class='ocrx_word' id='word_1_328' title='bbox 557 4347 588 4400; x_wconf 82' lang='grc' dir='ltr'><em>Ε</em></span> <span class='ocrx_word' id='word_1_329' title='bbox 649 4347 682 4400; x_wconf 84' lang='grc'>22</span> <span class='ocrx_word' id='word_1_330' title='bbox 702 4362 800 4417; x_wconf 87' lang='lat' dir='ltr'>genere</span> <span class='ocrx_word' id='word_1_331' title='bbox 819 4347 873 4418; x_wconf 89' lang='lat' dir='ltr'>(ere</span> <span class='ocrx_word' id='word_1_332' title='bbox 891 4349 922 4401; x_wconf 83' lang='lat' dir='ltr'>in</span> <span class='ocrx_word' id='word_1_333' title='bbox 940 4346 1007 4416; x_wconf 78' lang='lat' dir='ltr'>roa.)</span> <span class='ocrx_word' id='word_1_334' title='bbox 1026 4347 1054 4402; x_wconf 85' lang='lat' dir='ltr'><em>R</em></span> <span class='ocrx_word' id='word_1_335' title='bbox 1121 4347 1283 4417; x_wconf 68' lang='lat' dir='ltr'>regestum</span> <span class='ocrx_word' id='word_1_336' title='bbox 1302 4349 1330 4404; x_wconf 78' lang='lat' dir='ltr'><em>R</em></span> 
     </span>
     <span class='ocr_line' id='line_1_37' title="bbox 185 4433 338 4488; baseline 0.02 -3"><span class='ocrx_word' id='word_1_337' title='bbox 185 4434 228 4486; x_wconf 86' lang='lat' dir='ltr'>est</span> <span class='ocrx_word' id='word_1_338' title='bbox 245 4433 338 4488; x_wconf 75' lang='lat' dir='ltr'>ooad</span> 
     </span>
    </p>
   </div>
   <div class='ocr_carea' id='block_1_8' title="bbox 0 0 1584 4950">
    <p class='ocr_par' dir='ltr' id='par_1_8' title="bbox 0 0 1584 4950">
     <span class='ocr_line' id='line_1_38' title="bbox 0 0 1584 4950; baseline 0 6"><span class='ocrx_word' id='word_1_339' title='bbox 0 0 1584 4950; x_wconf 95' lang='lat' dir='ltr'> </span> 
     </span>
    </p>
   </div>
  </div>
 </body>
</html>
