3159 4950
546 503 800 574 inperfectus
827 503 939 559 liber.
1247 509 1314 573 463

170 702 307 765 terram
345 702 382 764 et
415 697 590 764 diuident
615 696 716 763 inter
743 698 841 764 diem
865 703 903 765 et
924 702 1086 777 noctem;
1115 704 1154 765 et
1176 701 1314 767 sintin

171 805 292 889 siguis
321 810 358 871 et
384 806 421 870 iu
449 804 687 889 temporibus
716 808 753 870 et
780 805 817 870 in
841 804 976 872 diebus
999 808 1096 873 etin
1120 808 1238 874 annis.
1262 807 1315 873 hic

171 912 253 977 euim
276 916 385 997 potest
405 911 508 977 uideri
530 915 608 977 tunc
631 914 746 995 coeptu
768 930 838 978 esse
861 916 1016 996 tempore,
1040 932 1113 979 cnm
1136 914 1260 979 coelum
1283 917 1318 977 et

170 1018 338 1086 luminaria
360 1019 441 1085 eseli
463 1018 617 1085 ordinetis
648 1018 817 1084 itineribus
850 1036 974 1085 currere
1011 1020 1202 1104 coepissent.
1230 1018 1316 1103 quod

139 1126 200 1191 ssi
227 1146 339 1191 uerum
368 1130 427 1205 cst,
455 1125 615 1209 quomodo
643 1128 817 1208 potuemnt
844 1124 912 1191 dies
941 1145 1012 1192 esse
1035 1128 1206 1209 antequem
1229 1128 1318 1191 esset

170 1234 309 1315 tempus,
337 1231 364 1296 si
393 1250 411 1296 a
438 1250 535 1297 cursu
565 1229 771 1296 luminarium
803 1232 930 1315 tempus
964 1250 1111 1298 exorsum
1143 1236 1203 1309 est,
1236 1251 1318 1316 quse

172 1340 282 1421 quarto
298 1337 348 1402 die
363 1337 590 1409 dicunturesse
601 1337 706 1403 luctu?
721 1356 759 1402 sn
772 1338 838 1403 ists
851 1337 974 1404 diorum
988 1338 1126 1423 digestio
1142 1338 1318 1405 secundum

171 1443 433 1511 cousuetudinem
456 1444 614 1509 humanae
636 1444 821 1528 fragilitatis
844 1444 990 1511 ordinatu
1012 1450 1063 1511 est
1084 1446 1156 1531 loge
1174 1445 1319 1511 nmmndi

173 1554 206 1616 et
227 1550 403 1616 humilibus
426 1550 590 1615 humiliter
611 1550 794 1615 insinuandi
815 1551 976 1630 sublimis,
996 1571 1059 1635 que
1077 1552 1196 1636 etipse
1215 1570 1320 1617 sermo

128 1682 155 1723 10
173 1658 327 1722 namuntis
350 1676 411 1722 non
435 1659 544 1739 potest
566 1656 629 1721 uisi
652 1656 759 1740 ulique
785 1656 901 1723 habero
924 1661 957 1723 et
978 1658 1081 1742 primu
1104 1661 1138 1723 ot
1158 1656 1265 1722 medie
1287 1662 1323 1723 et

173 1764 309 1829 ultime?
333 1782 372 1828 en
390 1764 423 1828 in
441 1762 638 1847 temporibus
661 1762 734 1846 istis
753 1762 875 1829 dictum
894 1767 944 1830 est
961 1766 1000 1829 ut
1016 1768 1125 1830 essent
1141 1763 1319 1842 luminaria,

175 1888 255 1953 quse
272 1872 417 1954 tempore
434 1869 579 1935 homines
597 1870 773 1940 interuallis
791 1889 951 1937 morumm
968 1871 1001 1935 in
1020 1870 1161 1954 corporis
1179 1870 1321 1935 motione

174 1976 371 2066 metiuntur?
402 1977 480 2041 baec
514 1976 596 2041 enim
629 1978 782 2060 tempora,
811 1977 841 2041 si
872 1977 982 2042 nullus
1015 1980 1122 2042 motus
1154 1994 1329 2059 corpomm»

175 2086 271 2162 esset,
295 2084 382 2149 nullo
405 2087 513 2149 essent
537 2087 569 2148 et
591 2082 663 2165 ipse
680 2086 757 2148 sunt
779 2082 963 2148 hominibus
985 2082 1212 2150 manifestiore.
1236 2082 1322 2166 quod

130 2214 157 2255 15
176 2189 205 2254 si
227 2189 438 2267 admittimus,
472 2189 687 2273 quaerendum
720 2194 780 2267 est,
813 2191 920 2255 utrum
953 2192 1078 2273 praeter
1108 2194 1233 2256 motum
1256 2208 1322 2255 cor-

175 2314 288 2379 porum
319 2296 424 2379 possit
455 2314 525 2361 esse
558 2299 686 2379 tempus
720 2296 752 2361 in
784 2299 874 2361 motu
910 2296 1122 2380 incorporeae«
1149 2300 1323 2364 creaturae.

175 2403 279 2468 ueluti
303 2406 353 2468 est
374 2403 479 2467 anime
501 2402 555 2467 uel
577 2402 648 2486 ipse
665 2420 769 2467 nuens:
795 2421 875 2486 quae
894 2402 1005 2486 utique
1024 2402 1055 2467 in
1075 2400 1325 2487 cogitationibus

176 2513 325 2575 mouetur
347 2513 379 2575 et
400 2510 433 2575 in
460 2511 530 2592 ipso
558 2513 648 2576 motu
676 2509 763 2575 eliud
791 2510 887 2574 hebet
913 2509 1012 2593 prius,
1036 2508 1125 2574 uliud
1151 2509 1324 2591 posterius,

178 2617 263 2700 quod
291 2617 358 2681 sine
385 2614 554 2682 interuallo
583 2615 736 2699 temporis
764 2615 910 2698 intellegi
937 2633 998 2679 uon
1029 2617 1148 2699 potest.
1181 2613 1267 2696 quod
1296 2613 1324 2678 si

132 2747 159 2788 eo
178 2723 363 2805 accipimus,
379 2723 475 2788 etiam
494 2725 567 2787 ante
587 2721 711 2788 caelum
728 2725 760 2786 ot
774 2724 890 2786 terrum
908 2724 1017 2802 potest
1034 2721 1180 2806 intellegi
1197 2723 1327 2802 tempus

177 2829 289 2907 fuisse,
314 2829 343 2894 si
365 2831 437 2894 unte
461 2829 584 2894 caelum
609 2830 642 2892 et
663 2829 778 2892 terram
806 2827 885 2892 fecti
906 2830 984 2892 sunt
1006 2826 1122 2910 augeli.
1150 2825 1324 2891 eratenim

178 2936 242 3000 iem
274 2938 426 3012 creatura,
442 2959 445 2964 ·
460 2954 540 3018 quae
572 2933 714 3000 motibus
746 2933 940 3016 incorporeis
976 2935 1104 3016 tempus
1141 2934 1260 3017 egeret,
1293 2936 1328 2996 et

176 3043 263 3107 recte
293 3041 492 3126 intellegitur
523 3060 596 3106 cum
628 3040 684 3104 ills
717 3039 815 3106 etism
841 3042 969 3123 tempus
998 3058 1069 3104 esse
1096 3038 1192 3104 utin
1222 3037 1328 3102 enims

179 3167 259 3233 quae
286 3169 342 3232 per
369 3166 536 3232 corporeos
565 3165 678 3214 seusus
707 3147 866 3230 corporeis
892 3145 1035 3212 motibus
1063 3145 1244 3212 assuefacte
1265 3146 1326 3209 est.

133 3281 161 3322 es
180 3256 236 3322 sed
271 3255 406 3322 fortasse
448 3273 510 3319 nou
547 3255 597 3318 est
635 3253 666 3317 in
706 3251 905 3335 principibus
946 3253 980 3316 et
1020 3250 1174 3316 creaturis
1215 3269 1326 3332 super·

181 3361 403 3428 eminentibus.
437 3360 493 3426 sed
525 3377 652 3443 quoquo
685 3359 780 3425 modo
809 3378 843 3424 se
871 3358 932 3423 hoc
959 3357 1141 3423 hebeat-
1163 3375 1215 3422 ree
1243 3355 1327 3420 enim

179 3469 393 3534 secretissima
416 3472 466 3534 est
488 3471 522 3533 et
542 3467 691 3532 humenis
715 3463 906 3532 coniecturis
925 3461 1164 3546 inpenetrabilis
1185 3497 1223 3508 -
1244 3459 1328 3524 illud

179 3578 264 3640 certe
287 3573 505 3658 accipiendum
529 3573 632 3638 estin
655 3571 726 3650 fide,
752 3569 877 3636 etiamsi
900 3568 1033 3634 modum
1056 3569 1183 3632 nostrae
1207 3565 1328 3650 cogite-

217 3793 325 3846 linter
341 3795 448 3846 noctem
468 3794 496 3846 ct
514 3789 586 3844 diem
605 3789 643 3844 bd
731 3787 847 3856 isigne
864 3784 930 3840 Lbd
1010 3785 1039 3838 iu
1058 3782 1238 3854 temporibus]
1257 3785 1327 3836 tem·

179 3895 247 3950 poro
257 3879 323 3935 Lod
393 3880 423 3933 in
441 3879 550 3950 diebus]
569 3878 626 3933 dies
639 3877 704 3933 Lod
774 3877 805 3930 iu
822 3875 912 3944 suuis]
931 3889 1015 3928 enuos
1029 3871 1095 3926 Lbd
1142 3870 1327 3939 litiueribus]

180 3968 340 4023 torminibus
354 3967 381 4022 L
434 3969 599 4039 bpoterunt
612 3967 674 4022 ML
758 3967 866 4034 tempus
884 3966 960 4018 esset
976 3959 1077 4018 Mtte
1131 3960 1165 4016 10
1182 3959 1290 4029 elique-
1303 3958 1331 4012 L

182 4056 215 4110 12
235 4058 322 4127 corpis
345 4056 372 4111 V
442 4057 476 4112 13
494 4059 634 4111 metuutur
651 4054 689 4112 M
704 4056 846 4108 metuntur
862 4051 890 4104 L
963 4051 996 4104 16
1013 4049 1187 4120 incorporeae
1206 4048 1244 4117 (in
1263 4045 1330 4102 edd.

180 4163 215 4200 m.
234 4145 313 4217 2)Τ
365 4147 398 4200 17
418 4147 461 4200 est
478 4161 530 4201 om.
550 4145 577 4200 L
632 4144 666 4200 18
684 4144 712 4198 iu
732 4147 798 4197 orote
814 4141 874 4212 ipso
893 4156 947 4196 om.
964 4137 1064 4195 MLoc
1139 4134 1226 4206 eliud]
1243 4135 1279 4190 ed
1296 4133 1335 4191 M

181 4233 218 4288 20
235 4235 462 4304 potest-terrem
477 4249 530 4288 om.
544 4233 571 4288 L
625 4233 658 4287 21
679 4229 746 4286 lecti
765 4234 831 4285 suut
847 4231 879 4284 in
895 4245 954 4283 rus.
968 4244 1003 4281 m.
1017 4231 1034 4280 1
1050 4224 1077 4280 V
1127 4225 1164 4280 25
1183 4225 1242 4294 sed]
1263 4223 1334 4278 etV

180 4321 216 4376 26
234 4320 285 4376 hoc
304 4337 333 4375 se
346 4321 421 4376 Mod
489 4321 605 4376 bocum.
619 4321 646 4374 L
718 4335 761 4374 res
779 4319 882 4384 bebeot
901 4315 1012 4385 (hebeat
1030 4331 1066 4369 m.
1084 4317 1175 4368 et1ct
1188 4312 1283 4379 Mel.)
1297 4311 1335 4368 Μ

180 4409 216 4463 27
235 4410 397 4465 coniecturis
415 4410 447 4465 in
464 4426 521 4466 ras.
540 4427 576 4464 m.
595 4414 610 4464 1
634 4409 659 4464 V
