3159 4950
395 501 436 555 de
465 499 609 556 Genesi
636 498 680 555 ad
707 499 891 554 litteram
919 499 984 553 lib.
1013 500 1049 554 II.
1268 505 1310 570 57

160 694 300 778 ponitur,
325 694 401 778 qnid
424 695 486 760 sibi
509 695 547 760 de
570 695 646 760 luna
668 696 817 760 tenebras
839 695 963 761 faciunt
987 695 1231 776 quaestionum?
1255 700 1312 760 ant

162 802 200 879 si,
225 801 311 886 qnod
335 799 373 865 de
405 802 488 866 terra
511 801 631 868 dictum
665 806 724 880 est,
758 822 820 868 non
847 804 1000 887 temporis
1024 804 1204 881 interuallo,
1238 822 1311 868 cum

162 909 260 974 simul
297 907 375 972 deus
415 907 582 973 materiam
618 909 714 974 rebus
751 911 983 987 concreauerit,
1026 909 1083 976 sed
1123 909 1311 975 narrationis

161 1014 388 1080 distributione
406 1015 599 1099 intellegunt
617 1014 749 1092 dictum,
774 1036 831 1082 eur
848 1017 881 1080 in
899 1017 971 1095 hoc,
990 1015 1076 1099 quod
1094 1017 1191 1080 etiam
1210 1016 1313 1081 oculis

131 1121 266 1188 rnidori
295 1123 412 1205 potest,
446 1141 508 1187 non
540 1123 705 1187 intuentur
731 1123 894 1208 integrum
918 1141 1032 1206 corpus
1065 1123 1181 1188 babere
1203 1123 1312 1187 lunam

163 1232 195 1294 et
208 1231 279 1294 tota
293 1246 352 1294 sna
364 1227 559 1294 rotunditate
575 1228 761 1312 perfectum,
778 1230 874 1294 etiam
890 1248 964 1295 cum
982 1230 1102 1294 lumine
1117 1229 1312 1295 comicuiato

163 1337 234 1402 siue
257 1335 413 1418 incipiens
443 1334 482 1398 ad
504 1339 604 1400 terras
627 1335 733 1400 lucere
767 1335 837 1400 siue
862 1335 1008 1401 desinens
1031 1336 1154 1420 fulget?
1187 1337 1215 1400 si
1238 1353 1313 1420 ergo

161 1444 273 1508 lumen
296 1441 328 1505 in
353 1459 390 1504 ea
413 1441 528 1506 crescit
550 1440 605 1504 nel
628 1439 791 1525 perficitur·
813 1442 867 1505 uel
885 1442 1049 1520 minuitur,
1074 1461 1137 1507 non
1156 1441 1313 1506 luminare

162 1551 281 1632 ipsum,
307 1545 362 1612 sed
385 1545 479 1624 iliud,
503 1545 588 1628 quod
612 1546 804 1624 accenditur,
828 1547 984 1624 uariatum
1009 1549 1037 1613 si
1061 1551 1167 1612 autem
1191 1566 1227 1611 er
1250 1567 1315 1612 una

122 1685 146 1724 ro
164 1656 351 1739 sphaerulae
385 1672 462 1719 suae
494 1656 582 1735 parte
615 1671 740 1736 semper
767 1654 865 1730 lucet,
894 1653 961 1732 sed,
990 1653 1066 1719 dum
1094 1673 1164 1720 eam
1191 1657 1314 1738 partem

165 1760 324 1828 conuertit
356 1760 395 1824 ad
428 1763 554 1837 terram,
589 1759 689 1825 donec
712 1761 814 1824 totam
847 1763 1021 1840 conuertat,
1055 1760 1140 1845 quod
1172 1760 1316 1844 aprima

164 1887 269 1950 usque
297 1867 337 1932 ad
365 1866 687 1949 quartamdecimam
715 1866 762 1946 fit,
791 1887 933 1934 crescere
956 1868 1092 1944 uidetur,
1117 1886 1243 1952 semper
1266 1869 1316 1932 est

163 1977 269 2060 plena,
288 1973 345 2040 sed
358 1977 460 2038 terrae
479 1972 710 2038 habitatoribus
729 1993 791 2040 non
811 1991 937 2058 semper
954 1975 1093 2057 adparet.
1113 1975 1192 2039 haec
1206 1972 1314 2038 eadem

165 2081 245 2146 ratio
271 2083 329 2157 est,
353 2079 436 2144 etsi
460 2079 537 2145 solis
560 2079 657 2144 radiis
680 2079 878 2144 inlustratur.
901 2098 964 2145 non
989 2081 1072 2145 enim
1091 2083 1200 2163 potest
1219 2079 1314 2143 etiam

125 2213 149 2252 u
166 2187 224 2265 sic,
249 2205 323 2251 cum
348 2186 409 2253 soli
431 2187 573 2270 proxima
596 2189 655 2264 est,
680 2185 742 2251 nisi
759 2186 876 2251 lucidis
895 2187 1044 2252 cornibus
1062 2186 1221 2269 adparere,
1242 2185 1317 2268 quia

166 2295 272 2358 cetera
293 2311 377 2376 pare,
401 2311 481 2376 quae
505 2295 574 2357 tota
595 2292 627 2356 in
647 2293 756 2358 orbem
773 2292 973 2369 inlustratur,
998 2311 1059 2356 non
1079 2290 1187 2356 estad
1205 2293 1315 2382 terras,

166 2403 204 2464 ut
226 2399 330 2464 uideri
351 2399 464 2483 possit,
489 2400 551 2465 nisi
575 2419 647 2465 curn
677 2400 737 2466 soli
766 2399 923 2465 contraria
945 2402 1005 2477 est,
1033 2401 1071 2463 nt
1093 2401 1199 2464 totum
1221 2397 1315 2461 terris

168 2508 327 2590 adpareat,
353 2507 438 2590 quod
462 2508 531 2573 eius
555 2508 734 2575 inluminat.

211 2614 284 2679 Non
309 2614 425 2679 desunt
448 2616 565 2690 tamen,
599 2616 654 2697 qui
681 2634 742 2680 non
772 2632 809 2679 eo
837 2633 872 2679 se
900 2613 1044 2677 arbitrari
1072 2612 1185 2677 dicunt
1207 2612 1317 2675 lunam

127 2746 152 2783 ao
169 2721 317 2807 primitus
350 2741 369 2785 a
396 2720 455 2785 deo
489 2722 632 2803 quartam
658 2720 814 2787 decimam
836 2720 966 2798 iactam,
999 2720 1075 2802 quia
1105 2720 1200 2803 plena
1233 2718 1318 2783 facta

170 2830 325 2896 credenda
357 2830 417 2907 est,
452 2827 508 2893 sed
541 2828 615 2910 quia
646 2828 678 2895 in
713 2828 878 2910 scripturis
903 2828 953 2892 dei
976 2828 1074 2892 uerba
1105 2826 1153 2891 sic
1184 2825 1316 2889 habent:

169 2940 295 3003 lunam
313 2937 453 3001 factam
478 2936 514 3001 in
534 2936 818 3001 inchoationem
838 2935 978 3009 noctia;
998 2934 1198 2999 tuncautem
1213 2930 1316 2997 noctis

171 3044 295 3111 exordio
318 3042 457 3120 uidetur,
481 3061 554 3107 curn
576 3043 670 3126 plena
692 3044 751 3117 est,
777 3041 855 3107 alias
878 3059 954 3106 uero
979 3043 1012 3105 et
1028 3058 1085 3123 per
1104 3038 1188 3103 diem
1205 3036 1319 3118 incipit

170 3151 269 3217 uideri
289 3152 363 3215 ante
386 3148 614 3233 plenitudinem
643 3150 675 3213 et
698 3148 729 3212 in
748 3166 919 3231 progressu
938 3146 1040 3212 noctis
1058 3148 1147 3211 tanto
1166 3144 1318 3227 ampliore

129 3278 154 3317 aa
171 3260 290 3341 quanto
309 3256 473 3321 minuitur.
494 3254 550 3320 sed
565 3254 619 3338 qui
633 3274 689 3337 per
707 3254 942 3319 inchoationem
960 3252 1064 3319 noctis
1083 3272 1145 3318 non
1159 3249 1320 3333 intellegit

172 3364 233 3429 nisi
256 3360 469 3447 principatum
493 3398 537 3409 -
560 3380 633 3425 narn
658 3365 690 3426 et
713 3378 862 3445 graecum
885 3358 1020 3424 uerbum
1038 3359 1100 3423 hoc
1118 3356 1221 3440 magis
1239 3353 1319 3419 indi-

261 3573 297 3627 22
315 3572 360 3626 Ps.
380 3571 440 3635 135,
460 3572 477 3625 9

210 3698 224 3751 1
239 3696 367 3751 tenebras
382 3694 415 3749 de
430 3694 558 3751 lunaPR
595 3693 762 3747 bmateriam
773 3692 866 3761 rebus]
877 3692 946 3745 reeb
982 3694 999 3743 4
1015 3688 1232 3751 distributionem
1242 3688 1320 3743 E¹P¹

175 3784 395 3839 distributionem
413 3784 442 3839 R
513 3781 684 3837 buidereS
753 3778 959 3835 drutunditate
977 3778 1016 3833 Ε1
1106 3777 1275 3832 cornibulato
1293 3776 1321 3829 P

175 3874 339 3929 corniculato
360 3872 432 3939 (nien
450 3872 482 3925 in
499 3886 555 3927 raa.
575 3888 609 3925 m.
628 3872 656 3937 2)
676 3870 704 3925 R
776 3871 791 3923 7
811 3869 965 3939 inquipiens
983 3868 1023 3921 13¹
1094 3868 1111 3921 8
1134 3870 1237 3921 crescet
1254 3864 1320 3919 P¹R

175 3964 191 4017 9
209 3962 370 4019 adcenditur
389 3962 412 4016 S
499 3962 534 4016 10
553 3960 676 4031 operulae
695 3958 751 4014 ER
775 3957 918 4028 spherulae
937 3955 987 4013 ΡΒ
1002 3956 1109 4029 spemle
1128 3956 1143 4008 b
1215 3956 1321 4024 partem

178 4054 255 4111 (rtem
273 4070 308 4107 aa.
328 4052 345 4104 2
363 4052 395 4105 in
412 4050 479 4119 ruer)
498 4050 528 4103 E
563 4050 594 4105 11
616 4047 799 4102 conuertetbi
851 4045 925 4117 qnod
942 4046 973 4098 r'n
991 4060 1048 4099 raa.
1066 4062 1101 4097 m.
1119 4044 1180 4097 2Ε
1234 4042 1266 4096 12
1285 4042 1321 4097 ad

176 4140 262 4195 anab
335 4140 379 4209 lit]
402 4138 508 4193 iecitS
581 4138 614 4191 14
633 4138 667 4206 si]
690 4135 792 4190 cnmS
862 4134 938 4188 eolb
994 4130 1177 4187 retornus
1246 4131 1318 4185 inlu·

177 4233 261 4284 strata
275 4228 310 4283 Ρ1
367 4228 400 4281 17
419 4228 506 4299 possit
525 4230 548 4295 (t
566 4242 587 4281 a.
608 4226 625 4281 l.
644 4243 678 4280 m.
701 4227 725 4291 i)
739 4224 767 4278 P
830 4223 864 4277 18
883 4221 1085 4277 illuminatura
1147 4222 1182 4274 23
1200 4219 1320 4290 inqnipl·

177 4322 226 4373 unt
242 4318 282 4373 E¹
373 4318 409 4372 24
427 4314 582 4386 anplioreS
670 4314 704 4367 25
723 4314 861 4367 minuetur
873 4311 897 4365 S
982 4310 1018 4363 26
1037 4309 1159 4363 ethocb
1232 4309 1320 4379 magia

177 4406 267 4461 bocS
