3159 4950
435 515 475 568 de
505 513 649 568 Genesi
678 513 721 568 ad
749 514 932 568 litteram
960 512 1025 566 lib.
1053 513 1074 566 Ι.
1283 518 1323 580 21

175 716 262 775 tura:
288 709 350 792 qui
374 709 506 776 fecisti
521 709 697 774 mundum
714 729 754 774 ex
768 709 928 774 materia
950 707 1116 786 informi,
1131 709 1213 774 hanc
1227 712 1325 774 mate·

171 819 253 880 riam
269 816 336 881 illis
351 817 468 894 uerbis,
484 816 600 898 quibus
615 835 670 899 pro
686 815 824 898 spiritali
840 815 1009 898 prudentia
1022 815 1213 880 tardioribus
1230 817 1326 881 etiam

170 923 348 988 lectoribus
364 924 418 988 uel
432 923 629 988 auditoribus
654 925 889 1006 congruerem,
909 921 1009 986 fuisse
1034 926 1323 998 commemoratam,

171 1031 292 1114 quibus
316 1033 386 1094 ante
411 1031 534 1095 dicrum
556 1031 825 1094 enumerationem
844 1028 966 1093 dictum
985 1032 1048 1094 est:
1073 1030 1109 1094 in
1133 1030 1324 1112 principio

133 1138 269 1203 eiecit
292 1137 383 1202 deus
412 1138 556 1202 caelum
589 1140 625 1201 et
653 1140 789 1201 terram
814 1141 846 1200 et
877 1140 990 1212 cetera,
1015 1135 1115 1200 donec
1147 1136 1324 1200 diceretur:

170 1249 210 1308 et
220 1244 317 1308 dixit
331 1243 432 1321 deus,
443 1247 480 1308 ut
490 1243 638 1326 deinceps
649 1243 855 1308 formatarum
865 1262 969 1308 rerum
980 1243 1055 1309 ordo
1068 1247 1323 1325 consequeretur.

220 1353 273 1414 lb.
310 1350 380 1415 Non
414 1351 488 1432 quia
525 1350 669 1415 informis
706 1349 840 1414 materia
874 1349 1018 1414 formatis
1050 1350 1146 1414 rebus
1182 1354 1324 1431 tempore

169 1458 259 1541 prior
296 1461 355 1532 est,
394 1476 466 1520 cum
504 1457 547 1521 sit
585 1462 758 1538 utrumque
791 1456 890 1521 simul
926 1459 1138 1533 concreatum,
1172 1460 1204 1519 et
1240 1455 1323 1519 unde

168 1565 377 1655 factumest,
402 1567 434 1628 et
456 1563 541 1646 quod
564 1562 684 1627 factum
704 1567 754 1628 est
767 1601 805 1610 -
818 1563 903 1627 sicut
922 1563 1005 1626 enim
1023 1581 1085 1628 nor
1103 1563 1236 1627 materia
1254 1581 1324 1626 uer-

117 1691 145 1728 10
170 1671 289 1734 borum
313 1673 371 1747 est,
396 1669 492 1734 uerba
517 1689 592 1734 uero
616 1669 783 1734 formatam
812 1688 924 1734 uocem
951 1669 1102 1747 indicant,
1126 1687 1189 1733 non
1217 1672 1323 1732 autem

170 1777 228 1858 qui
251 1776 393 1858 loquitur
413 1777 500 1858 prius
522 1777 640 1841 emittit
655 1776 820 1841 informem
835 1796 960 1853 uocem,
976 1794 1073 1858 quam
1092 1776 1196 1859 possit
1212 1780 1324 1858 postea

169 1883 332 1967 conligere
365 1887 459 1966 atque
491 1883 523 1947 in
556 1884 653 1947 uerba
684 1883 834 1948 formare:
867 1883 913 1946 ita
940 1887 972 1948 ei
1000 1883 1078 1947 deus
1107 1885 1229 1947 creator
1261 1901 1322 1946 uon

168 1989 275 2071 priore
303 1993 443 2072 tempore
476 1989 553 2054 fecit
583 1989 749 2054 informem
782 1990 948 2054 materiam
981 1994 1013 2054 et
1037 2008 1105 2053 earn
1134 1992 1245 2072 postea
1267 2007 1324 2070 per

169 2095 315 2160 ordinem
330 2113 542 2179 ¹quarumque
570 2100 752 2162 naturarum
781 2097 871 2178 quasi
900 2097 1039 2161 secunda
1071 2095 1322 2162 consideratione

121 2221 148 2258 15
166 2203 337 2278 t'ormauit3
355 2202 523 2267 formatam
542 2203 658 2286 quippe
679 2202 801 2267 creauit
819 2204 985 2267 materiam
1002 2203 1109 2267 —sed
1133 2203 1208 2284 quia
1229 2203 1321 2280 iilud,

169 2309 255 2373 unde
284 2309 320 2372 iit
353 2309 484 2391 aliquid,
518 2310 578 2374 etsi
611 2329 672 2374 non
706 2313 858 2393 tempore,
891 2312 997 2374 tamen
1030 2308 1166 2391 quadam
1200 2308 1321 2392 origine

168 2416 260 2498 prius
285 2419 344 2495 est,
369 2435 464 2499 quam
488 2416 578 2495 illud,
603 2416 688 2498 quod
711 2416 783 2481 inde
807 2417 853 2494 fit,
873 2417 979 2500 potuit
1002 2415 1143 2481 diuidere
1167 2417 1322 2499 scriptura

167 2524 322 2604 loquendi
350 2523 556 2607 temporibus,
582 2523 666 2606 quod
695 2524 773 2589 deus
802 2524 938 2589 faciendi
965 2524 1162 2607 temporibus
1190 2544 1251 2589 non
1276 2523 1321 2587 di·

167 2629 259 2693 uisit.
285 2630 311 2694 si
337 2630 419 2693 enim
445 2633 622 2712 quaeratur.
647 2633 755 2695 utrum
779 2651 892 2696 uocem
916 2632 955 2696 de
982 2631 1088 2697 uerbis
1117 2650 1155 2695 an
1180 2630 1218 2695 de
1241 2649 1321 2695 uoce

116 2765 145 2801 eo
168 2737 267 2799 uerba
282 2736 448 2813 faciamus
465 2756 527 2802 non
547 2737 639 2802 facile
659 2738 830 2821 quisquam
844 2739 891 2802 ite
905 2738 994 2803 tardo
1013 2738 1139 2823 iugenio
1154 2738 1319 2820 reperitur,

167 2843 225 2923 qui
249 2862 310 2907 non
334 2842 442 2924 potius
470 2845 569 2908 uerba
597 2844 664 2908 fieri
693 2844 730 2909 de
759 2864 839 2909 uoce
866 2844 1070 2929 respondeat:
1099 2846 1145 2909 ita
1171 2845 1319 2927 apuamuis

166 2952 341 3031 utrumque
367 2949 463 3013 simui
487 2950 541 3032 qui
563 2950 707 3032 loquitur
729 2950 835 3028 iaciat,
856 2951 932 3034 quid
955 2951 1038 3015 unde
1058 2952 1163 3027 faciat,
1183 2952 1319 3015 naturali

167 3053 345 3117 adtentioni
379 3054 458 3117 satis
491 3054 630 3135 adparet.
664 3058 879 3137 quamobrem,
913 3076 985 3121 oum
1019 3056 1116 3121 simul
1148 3060 1319 3138 utrumque

166 3160 249 3225 deus
273 3160 393 3237 fecerit,
414 3164 447 3225 et
469 3162 644 3239 materiam,
664 3180 759 3243 quam
783 3163 943 3241 formauit,
963 3168 997 3227 et
1019 3183 1080 3238 reS,
1099 3163 1130 3226 in
1151 3182 1229 3245 quas
1249 3181 1318 3227 earn

130 3296 142 3331 π,
164 3266 328 3341 formauit,
354 3272 385 3330 et
408 3271 578 3350 utrumque
602 3268 640 3331 ab
666 3270 822 3352 scriptura
845 3270 906 3334 dici
932 3270 1116 3353 oportuerit,
1140 3289 1197 3334 nec
1221 3270 1318 3334 simul

260 3428 272 3479 l
294 3426 357 3496 Sap.
379 3429 421 3489 ll,
442 3429 484 3482 18.

202 3550 402 3618 3oongrueret
426 3550 462 3603 od
520 3555 758 3605 commemoratum
777 3552 924 3609 E¹P¹R¹O
970 3555 1261 3609 dcbnrernoretionem
1284 3556 1318 3609 0¹

164 3640 254 3690 beto.
275 3638 312 3691 bd
365 3638 559 3708 bsequeretur
578 3638 610 3691 0¹
666 3640 762 3694 7Non
785 3642 878 3710 (incip.
899 3658 959 3711 cap.
979 3644 1067 3711 XVII)
1087 3645 1119 3698 Ε
1170 3645 1316 3698 Booncre·

163 3731 242 3779 atum
261 3726 300 3781 R¹
364 3728 381 3781 9
394 3728 477 3795 prius
496 3732 538 3781 est
556 3745 608 3782 om.
627 3729 666 3781 Ε1
748 3731 790 3783 est
810 3731 953 3784 uerborum
974 3732 1011 3786 bd
1066 3732 1099 3786 10
1117 3750 1181 3787 uero
1200 3748 1222 3787 a.
1243 3734 1261 3787 l.
1280 3750 1315 3786 na.

162 3816 223 3867 10
291 3816 323 3868 12
342 3818 371 3869 et
389 3832 440 3870 om.
459 3816 578 3871 Paeon
650 3822 754 3871 creator
773 3817 840 3872 deus
858 3820 950 3875 PRbd
1014 3822 1047 3874 14
1066 3837 1232 3891 quarumque
1250 3826 1316 3890 (que

162 3920 184 3958 s.
206 3904 224 3957 1.
245 3921 278 3957 m.
298 3910 323 3971 1)
343 3905 371 3961 R
426 3906 459 3959 17
477 3904 599 3959 diuidere
620 3906 669 3972 (ini
687 3907 719 3960 in
737 3908 793 3973 fine
809 3924 880 3963 atero.
894 3926 1017 3978 procace.
1036 3915 1085 3973 est>
1105 3910 1132 3963 P
1190 3910 1223 3964 18
1243 3911 1315 3980 quod

165 3993 234 4055 cuod
252 3998 277 4047 ci
290 4009 371 4061 pars.
392 3992 543 4064 liitqdcs.
563 3994 652 4064 cocti>
712 3998 745 4049 19
764 3998 786 4049 si
806 3998 878 4050 enim
891 3999 910 4068 (i
924 3998 995 4051 enirn
1015 3998 1160 4063 decoci.)P
1225 4000 1315 4053 uerbis

163 4100 198 4136 an
220 4082 253 4136 de
274 4087 297 4148 (s
317 4100 350 4135 sn
370 4082 403 4136 de
422 4084 488 4151 deo.)
510 4084 537 4137 P
626 4102 659 4139 an
684 4084 767 4139 uerba
784 4103 894 4140 „noces
913 4087 958 4155 (de
981 4104 1018 4144 er.
1038 4096 1063 4142 et
1081 4106 1120 4153 rn;
1143 4090 1315 4157 ’κλῆμα

163 4172 325 4239 trumposit.
356 4172 423 4228 add.
451 4176 478 4226 et
507 4190 567 4241 cup.
592 4190 658 4227 uoce
686 4190 736 4229 scr.
762 4174 806 4243 de)
829 4176 860 4229 E
947 4178 982 4231 20
1006 4179 1147 4247 quisquam
1171 4178 1265 4232 deseca.
1288 4178 1317 4230 P

163 4260 318 4331 repperitur
334 4260 443 4317 EPRS
513 4265 547 4317 22
571 4263 636 4331 quid
655 4262 694 4317 El
775 4265 810 4318 23
833 4267 980 4320 attentioni
1004 4267 1028 4321 S
1049 4268 1200 4321 attentione
1223 4266 1316 4321 PRbd

163 4349 321 4419 utrumque]
342 4366 393 4419 quc
413 4350 440 4403 P
457 4354 545 4403 utrum
565 4350 604 4406 R¹
676 4352 711 4405 24
731 4352 924 4408 et-formaoit
942 4372 992 4411 om.
1012 4355 1048 4408 1²¹
1138 4357 1172 4409 25
1194 4355 1238 4424 ab]
1258 4371 1274 4408 a
1292 4354 1316 4407 S

163 4455 219 4513 oriz..
237 4437 316 4493 PR¹b
389 4438 521 4493 scribtura
538 4440 594 4493 ΕΡ
