3159 4950
460 475 500 530 de
529 475 671 531 Genesi
700 476 743 531 ad
769 477 951 533 litteram
980 478 1045 533 lib.
1074 481 1121 534 XI.
1293 485 1358 549 333

210 669 310 734 uidit
341 669 492 748 mulier,
526 669 613 753 quia
644 670 780 736 bonum
814 671 959 756 lignum
988 672 1023 736 in
1054 692 1180 739 escam
1208 678 1245 740 et
1272 675 1359 759 quie

209 777 337 859 placet
369 776 492 842 oculis
524 776 655 842 uidere
688 779 725 842 et
757 777 934 842 decorum
967 783 1026 844 est
1048 798 1288 865 cognoscere.
1322 785 1358 848 et

210 901 362 948 sumens
378 883 421 948 de
437 883 567 948 fructu
583 883 668 948 eius
684 883 765 950 edit
787 887 825 949 et
847 885 954 949 dedit
968 889 1005 950 et
1024 885 1106 952 uiro
1130 907 1198 953 suo
1222 907 1358 967 secum,

210 992 247 1053 et
273 989 440 1056 ederunt.
474 993 511 1054 et
538 989 662 1074 e'perti
691 991 910 1062 suntoculi
938 992 1145 1072 amborum,
1178 997 1216 1058 et
1243 1013 1357 1078 agno·

182 1101 360 1174 suerunt,
389 1096 477 1180 quia
503 1096 594 1162 nudi
622 1100 744 1174 erant3
774 1100 812 1162 et
839 1103 1073 1166 consuerunt
1104 1099 1199 1166 folia
1225 1100 1293 1166 rici
1321 1106 1357 1166 et

209 1202 383 1268 iecerunt
406 1201 480 1268 sibi
505 1203 744 1286 campestria.
770 1208 807 1270 et
829 1205 1037 1271 audierunt
1060 1225 1191 1273 uocem
1215 1207 1357 1272 domiui

209 1307 269 1374 dei
306 1308 590 1390 deambulantis
626 1309 663 1376 in
700 1310 878 1394 paradiso
920 1312 964 1376 ed
1000 1331 1198 1396 uesperam
1231 1316 1268 1378 et
1300 1314 1357 1378 ab

208 1415 440 1482 scenderunt
473 1433 511 1481 se
534 1415 650 1482 Adam
683 1419 720 1482 et
752 1418 897 1484 mulier
928 1419 1012 1484 eius
1040 1439 1059 1486 a
1085 1420 1184 1486 iacie
1216 1420 1356 1486 domini

208 1521 268 1586 dei
289 1520 327 1586 iu
350 1521 472 1588 medio
496 1521 594 1606 ligni
617 1523 797 1607 paradisi.
822 1529 861 1590 et
883 1525 1040 1591 uocauit
1062 1524 1235 1593 dominus
1259 1526 1352 1592 deus

165 1645 191 1687 ro
207 1628 321 1693 Adam
340 1632 377 1693 et
396 1627 491 1694 dixit
504 1629 579 1694 illi:
594 1629 711 1696 Adam
725 1629 791 1696 ubi
804 1632 865 1700 es?
881 1635 922 1697 ot
936 1631 1033 1697 dixit
1047 1632 1095 1698 ei:
1110 1651 1240 1699 uocem
1254 1636 1356 1698 tuam

209 1734 337 1800 audiui
362 1734 640 1802 deambulantis
664 1735 701 1803 in
724 1737 901 1820 paradiso
925 1741 963 1804 et
981 1738 1107 1816 timui,
1127 1739 1216 1824 quia
1232 1740 1355 1806 nudus

209 1860 299 1920 sum,
332 1845 370 1908 et
400 1842 583 1908 abscondi
614 1863 680 1910 me.
719 1847 756 1909 et
788 1843 887 1908 dixit
917 1844 995 1910 illi:
1035 1844 1120 1928 quis
1161 1846 1356 1912 nuntiauit

208 1948 290 2027 tibi,
325 1949 412 2032 quie
443 1949 566 2014 nudus
599 1969 648 2026 er,
682 1951 757 2016 nisi
781 1971 802 2016 a
823 1951 930 2036 ligno
963 1952 1061 2036 quod
1092 1951 1354 2037 praeceperam

207 2055 279 2119 tibi
311 2059 457 2122 tantum
489 2077 533 2122 ne
566 2076 606 2122 ex
638 2076 680 2124 eo
713 2058 964 2124 manducares
998 2059 1041 2124 ab
1076 2078 1116 2125 eo
1149 2059 1286 2124 edisti?
1318 2063 1356 2124 et

164 2179 189 2220 re
209 2161 306 2225 dixit
327 2160 457 2226 Adam:
486 2161 637 2239 mulier,
666 2181 772 2246 quam
798 2162 940 2229 dedisti
963 2183 1122 2243 mecum,
1145 2163 1238 2230 baec
1260 2164 1354 2230 milri

209 2267 312 2333 dedit
335 2287 354 2332 a
376 2268 494 2352 ligno,
520 2272 557 2333 et
579 2268 650 2336 odi.
684 2273 721 2334 et
745 2269 848 2335 dixit
870 2270 1042 2336 dominus
1071 2272 1163 2337 deus
1185 2271 1352 2336 mulieri:

208 2373 297 2456 quid
319 2374 388 2439 hoc
410 2375 564 2441 iecisti?
588 2379 625 2440 et
648 2375 744 2442 dixit
766 2377 916 2442 mulier:
942 2397 1098 2462 serpens
1118 2377 1268 2442 seduxit
1286 2396 1352 2455 me,

208 2484 245 2546 et
271 2482 505 2549 manducaui.
534 2486 572 2549 et
599 2482 697 2548 dixit
724 2484 899 2550 dominns
929 2485 1020 2551 deus
1049 2485 1232 2569 serpenti:
1266 2485 1353 2569 quia

186 2577 338 2655 'fecisti
370 2592 453 2673 hoe,
486 2591 716 2657 maledictus
744 2594 785 2656 tu
813 2592 856 2657 ab
886 2592 1060 2658 omnibus
1087 2592 1291 2679 pecoribus
1316 2596 1353 2657 et

163 2696 251 2762 reeb
284 2696 455 2763 omnibus
488 2698 627 2763 bestiis
669 2717 762 2782 quae
796 2701 885 2763 sunt
916 2702 1201 2783 superterram.
1239 2718 1353 2783 super

207 2806 341 2886 pectus
369 2806 474 2868 torum
503 2807 540 2869 et
567 2808 738 2869 uentrem
765 2808 873 2871 tuum
901 2805 1115 2870 ambulabis
1147 2808 1184 2871 et
1215 2807 1352 2871 terram

209 2908 295 2977 edes
332 2928 459 2976 omnes
497 2910 578 3001 dies
615 2911 720 2976 uitae
756 2914 854 2976 tuae.
888 2914 925 2976 et
956 2910 1183 2977 inimicitias
1219 2931 1352 2995 ponam

208 3016 375 3082 intorte
408 3020 446 3083 et
476 3016 576 3083 inter
607 3018 804 3083 mulierem
837 3022 876 3083 et
905 3018 1007 3083 inter
1038 3037 1163 3084 semen
1187 3022 1292 3083 tuum
1317 3022 1354 3083 et

206 3120 307 3187 iuter
331 3141 455 3189 semen
480 3123 562 3189 eius
578 3173 585 3188 .
601 3123 685 3207 ipsa
707 3123 780 3190 tibi
804 3124 977 3189 seruabit
999 3128 1126 3208 caput,
1156 3127 1193 3189 et
1215 3129 1255 3189 tu
1279 3143 1352 3189 ser·

161 3246 188 3289 rs
207 3228 317 3295 uabis
341 3229 424 3296 eius
448 3231 677 3295 calcaneum.
707 3233 745 3295 et
766 3230 920 3296 mulieri
944 3230 1056 3296 dixit:
1084 3230 1351 3315 multiplicans

207 3335 479 3420 multiplicabo
517 3336 704 3402 tristities
740 3340 828 3402 tuas
865 3341 903 3402 et
939 3338 1120 3422 gemitum
1156 3340 1273 3404 tunm.
1314 3337 1351 3401 iu

208 3442 388 3508 tristitiis
416 3442 541 3527 paries
570 3442 694 3523 lilios,
725 3444 833 3510 etad
860 3444 983 3510 uirum
1015 3449 1119 3511 tuum
1152 3443 1351 3511 conuersio

208 3551 284 3628 tua,
308 3550 448 3633 etipse
471 3550 530 3615 tui
553 3550 822 3617 dominabitur.
855 3550 957 3616 Adeo
981 3555 1106 3616 autem
1130 3549 1241 3615 dixit:
1265 3549 1353 3633 qnia

245 3730 258 3783 1
270 3726 299 3780 in
309 3727 408 3797 escam]
420 3726 448 3780 in
459 3725 494 3781 ad
505 3742 592 3781 escam
602 3725 666 3781 Pin
677 3742 739 3781 esca
749 3725 772 3781 8
779 3725 814 3781 ad
825 3743 912 3781 escam
922 3726 1016 3782 ΗΘΜ
1050 3727 1067 3781 3
1078 3726 1162 3796 etfiss
1172 3742 1224 3781 om.
1234 3724 1354 3780 EPRbd

208 3815 223 3867 7
243 3813 408 3869 arnbulautis
425 3811 498 3869 PSO
534 3813 567 3868 10
579 3818 645 3881 post
663 3812 706 3867 illi
723 3830 775 3869 aare
795 3812 883 3869 Adam
893 3812 1053 3869 E¹PRde
1100 3819 1166 3882 post
1184 3830 1213 3868 ee
1233 3813 1298 3867 odd.
1318 3830 1352 3867 m.

207 3904 316 3957 ΜΕ
368 3902 399 3957 11
415 3902 618 3973 imparadisob'
666 3903 701 3957 14
713 3901 883 3957 manducaris
897 3901 952 3957 PR
1001 3900 1356 3972 15meeum1mim1²1r¹0

209 3992 241 4046 16
260 3994 287 4062 a]
306 3990 340 4046 de
358 3990 396 4047 bd
449 3991 482 4046 18
505 3991 625 4062 serpenti
648 3992 669 4059 (i
692 4007 725 4047 aa
747 3994 772 4059 e)
793 3990 821 4045 P
873 3991 907 4045 19
929 3989 1134 4061 peccoribusS
1186 3990 1222 4045 20
1245 4005 1352 4044 omnem

206 4079 341 4136 terramb
406 4080 437 4134 21
459 4084 489 4135 et
506 4082 629 4135 uentrem
648 4082 727 4134 tunm
745 4078 844 4134 onsO
914 4077 1068 4133 ambulsuis
1086 4078 1115 4133 P
1173 4078 1208 4131 22
1228 4076 1353 4131 omnibus

208 4168 302 4224 diebus
321 4168 351 4234 S,
371 4171 469 4238 (cupro
487 4169 536 4224 lin.
555 4185 590 4223 m.
610 4170 638 4239 2)
658 4170 689 4223 E
780 4168 815 4223 23
833 4168 906 4223 inter
924 4174 990 4223 onte
1007 4166 1149 4222 mulierem
1166 4182 1188 4223 s.
1208 4167 1227 4221 l.
1244 4182 1278 4220 oe
1297 4169 1314 4219 1
1332 4164 1354 4219 S

207 4258 401 4315 adremon.
421 4257 483 4313 de
588 4258 646 4328 ipse
664 4257 693 4312 R
784 4258 907 4311 seruauit
924 4256 952 4311 P
1040 4256 1088 4323 ubi
1111 4257 1194 4325 caput
1219 4254 1277 4320 (ubi
1300 4253 1351 4307 uec.

207 4399 242 4438 m.
260 4386 286 4451 1)
307 4380 331 4437 s
384 4383 418 4437 25
438 4360 593 4437 coceineum
613 4360 672 4438 eris
690 4382 722 4437 s
773 4382 808 4436 as
827 4380 949 4437 messus
968 4381 1023 4435 tus
1042 4378 1066 4435 s
1082 4380 1213 4435 menuae
1235 4378 1260 4433 c
