3159 4950
219 469 284 534 270
574 467 601 520 S.
630 465 767 520 Aureli
796 463 1014 535 Augustini

218 665 256 726 ut
284 662 331 727 sic
357 661 474 726 femina
500 661 602 726 fieret:
633 680 727 744 quem
755 659 911 726 rationem
939 657 1136 742 suscipiebat
1164 659 1259 723 etiam
1291 661 1368 722 tunc

219 767 385 851 scripture,
411 787 483 832 cum
508 767 629 832 diceret
660 770 716 844 ,et
739 767 835 831 dixit
858 766 965 832 deus:
988 766 1077 831 fiat‘
1109 765 1170 830 hoc
1198 767 1255 830 aut
1276 763 1369 840 illud,

218 873 343 956 quando
366 873 515 956 primitus
539 873 644 938 omnia
668 873 894 938 condebantur.
918 892 957 937 an
980 871 1062 938 forte
1084 872 1117 936 in
1141 873 1248 964 mente
1265 870 1369 954 ipsius

219 979 357 1046 hominis
380 981 441 1046 hoc
464 979 542 1046 dixit
564 980 655 1058 deus,
680 980 765 1046 sicut
787 979 930 1063 loquitur
953 978 1146 1062 quibusdam
1168 977 1271 1042 seruis
1300 977 1370 1042 suis

218 1087 250 1150 in
273 1085 352 1169 ipsis
377 1085 479 1152 seruis
503 1085 592 1151 suis?
616 1105 653 1150 ex
677 1104 740 1168 quo
763 1103 878 1170 genere
902 1103 1067 1150 seruorum
1090 1084 1159 1149 eius
1183 1085 1251 1148 erat
1273 1082 1371 1148 etiam
1400 1107 1413 1146 a

218 1192 285 1268 ille,
309 1193 363 1276 qui
387 1191 466 1256 dixit
488 1193 520 1256 in
544 1193 683 1277 psalmo:
718 1191 878 1268 audiam,
911 1191 1001 1275 quid
1032 1191 1212 1274 loquetur
1242 1189 1281 1254 in
1314 1208 1370 1254 me

220 1298 392 1364 dominus
426 1300 527 1366 deus.
560 1319 599 1365 an
632 1299 738 1383 aliqua
770 1299 809 1365 de
840 1299 900 1366 hac
931 1319 965 1365 re
997 1298 1059 1383 ipsi
1091 1297 1212 1364 homini
1238 1297 1272 1362 in
1299 1296 1369 1381 ipso

219 1405 346 1472 bomine
378 1425 434 1489 per
466 1407 614 1491 angelum
646 1409 697 1472 est
727 1408 814 1472 facta
849 1407 1002 1472 reuelatio
1039 1405 1071 1471 in
1104 1403 1370 1470 similitudinibus

219 1531 337 1577 uocum
375 1513 596 1596 corporalium,
633 1513 780 1597 quamuis
817 1513 954 1579 tacuerit
990 1513 1156 1595 scriptmu,
1193 1513 1302 1576 utrum
1337 1509 1370 1574 in

220 1617 342 1684 somnis
369 1637 408 1683 an
440 1618 472 1683 in
507 1618 626 1684 extasi?
658 1619 705 1684 ita
736 1619 822 1684 enim
854 1618 923 1684 lieri
949 1618 1029 1684 haec
1057 1618 1184 1683 solent.
1201 1635 1239 1680 un
1263 1614 1368 1698 aliquo
1390 1640 1416 1680 ιο

219 1725 282 1790 alio
306 1723 401 1790 modo
425 1725 512 1790 sicut
533 1727 694 1792 reueletur
711 1726 899 1810 prophetis?
921 1724 1007 1790 unde
1024 1723 1107 1790 illud
1126 1726 1190 1790 est:
1214 1726 1253 1787 et
1275 1721 1372 1786 dixit

220 1830 312 1895 mihi
340 1831 510 1916 angelus,
540 1833 603 1916 qui
630 1833 861 1916 loquebatur
882 1833 921 1898 in
943 1851 1009 1900 me.
1033 1851 1151 1914 anper
1174 1828 1370 1912 corporalem

219 1939 396 2001 creaturam
424 1955 486 2003 uox
512 1938 582 2022 ipsa
609 1940 750 2005 sonuerit
778 1941 863 2006 sicut
890 1939 928 2006 de
957 1939 1055 2004 nube:
1089 1938 1150 2003 hic
1174 1940 1234 2001 est
1256 1935 1370 2000 filius

220 2044 346 2111 meus?
373 2043 450 2126 quid
482 2063 556 2130 ergo
590 2065 626 2112 ex
658 2047 708 2111 his
741 2047 888 2113 omnibus
920 2046 1041 2112 factum
1074 2045 1127 2123 sit,
1152 2043 1191 2108 ad
1213 2041 1371 2127 liquidum

219 2150 471 2233 conprehendere
485 2170 547 2216 non
562 2152 742 2228 ualeamus
765 2171 878 2218 uemm
892 2157 1000 2218 tarum
1013 2149 1190 2217 certissime
1204 2152 1370 2214 teneamus
1389 2173 1415 2212 aa

219 2259 254 2321 et
286 2256 402 2322 dixisse
435 2257 495 2324 hoc
529 2257 622 2323 deum
656 2261 698 2336 et,
732 2259 761 2324 si
792 2259 946 2342 corporali
974 2277 1054 2324 uoce
1076 2257 1130 2323 uel
1153 2255 1370 2339 temporahter

220 2381 367 2446 expresse
394 2363 603 2430 similitudine
631 2365 770 2448 corporis
798 2364 888 2444 dixit,
915 2384 977 2430 non
1005 2384 1079 2430 eum
1101 2383 1160 2448 per
1181 2381 1273 2428 suam
1296 2361 1369 2427 sub-

219 2469 380 2549 atantiam,
419 2470 475 2537 sed
512 2490 569 2555 per
605 2471 744 2556 aliquam
781 2471 913 2555 imperio
952 2492 1010 2537 suo
1050 2470 1213 2537 subditam
1253 2468 1368 2535 dixisse

219 2581 407 2655 creaturam,
432 2578 517 2643 sicut
539 2578 571 2643 in
594 2578 675 2643 libro
699 2578 906 2662 praecedente
929 2578 1150 2645 tractabimus.

264 2684 347 2748 Nam
371 2684 461 2749 uisus
486 2687 536 2751 est
559 2684 637 2750 deus
662 2685 757 2749 cham
780 2687 894 2768 postea
917 2686 1036 2751 sanctis
1060 2684 1139 2750 uiris
1162 2684 1241 2750 alias
1265 2682 1369 2766 capite
1386 2705 1414 2745 aa

220 2790 292 2855 albo
312 2790 397 2855 sicut
413 2790 495 2867 lana,
513 2790 590 2856 alias
608 2790 755 2857 inferiore
773 2796 862 2875 parte
882 2792 1021 2875 corporis
1040 2792 1124 2858 sicut
1142 2790 1368 2869 aurichalcum,

220 2897 298 2961 alias
327 2896 418 2961 aliter
445 2899 539 2979 etque
568 2896 674 2983 aliter;
702 2902 899 2963 nontamen
927 2899 1000 2963 illas
1022 2899 1163 2964 uisiones
1186 2897 1368 2964 hominibus

219 3022 276 3085 per
307 3001 530 3077 substantiam,
563 3022 626 3087 qua
656 3004 725 3086 ipse
758 3006 818 3081 est,
852 3005 909 3070 sed
939 3024 997 3087 per
1028 3004 1089 3070 sibi
1121 3003 1259 3079 subdita
1287 3022 1368 3088 quae

220 3108 350 3185 creauit,
362 3128 434 3173 eum
449 3109 633 3193 praebuisse
648 3112 680 3175 et
692 3130 748 3194 per
763 3110 989 3176 similitudines
1003 3111 1174 3175 formamm
1189 3129 1368 3193 uocumque

310 3353 489 3417 6Ps.84,9
545 3355 576 3409 11
598 3354 758 3419 Zach.2‚8
816 3354 1066 3418 latratuum
1127 3352 1367 3409 latibulum

219 3441 256 3495 20
275 3442 308 3495 ol.
321 3442 405 3513 Apoe.
426 3442 449 3505 1,
469 3444 512 3497 14.
533 3444 565 3496 15

260 3583 273 3636 1
307 3582 409 3654 femina
436 3580 459 3637 S
583 3582 771 3653 suscipiebat]v
794 3582 962 3653 suspiciebat
991 3584 1022 3639 E
1122 3584 1139 3637 2
1173 3585 1316 3656 s{lcribtnra
1342 3585 1369 3639 P

220 3674 250 3725 et
268 3670 363 3726 συιδ
419 3672 583 3742 tloquator
600 3670 734 3728 E²PRbd
790 3672 934 3742 tuocum]
951 3672 1113 3727 locorumS
1172 3675 1205 3728 10
1223 3690 1285 3729 cana
1301 3690 1368 3729 socc

220 3777 255 3815 an
273 3760 373 3830 incepit
391 3776 452 3829 cup.
471 3760 513 3814 III
531 3760 561 3813 Ε
614 3760 667 3815 elio
687 3760 823 3831 aliquos
863 3761 894 3814 ll
914 3759 1097 3831 prophetias
1138 3762 1171 3816 le
1190 3760 1369 3817 sonaueritS

219 3849 419 3905 εἰειι1οηι.Ε1
485 3849 518 3902 14
535 3847 589 3918 his]
609 3849 647 3903 eis
665 3849 697 3903 E
766 3848 802 3903 ad
819 3865 871 3906 om.
889 3848 929 3904 11ι
996 3850 1029 3903 15
1048 3850 1283 3920 conpraehendere
1300 3850 1369 3906 E¹P

220 3937 343 3992 ualemus
361 3935 478 3993 PRde
597 3953 658 3991 cum
681 3937 819 3992 swoobulo
842 3952 936 3991 uerum
958 3941 1051 3992 tamma
1068 3936 1167 4007 iuuabit
1184 3954 1247 4007 cop.
1265 3937 1322 3992 IllI
1339 3938 1370 3992 Ε

222 4025 255 4079 16
271 4030 299 4079 et
313 4042 358 4095 pr.
378 4027 461 4083 onub
508 4026 541 4080 17
561 4042 702 4097 expressas
719 4025 748 4080 P
819 4024 998 4080 substantiam
1018 4044 1094 4081 suam
1108 4026 1223 4084 PRde
1273 4026 1307 4083 18
1324 4028 1366 4081 in·

220 4113 338 4183 perioS
409 4115 442 4169 19
460 4114 621 4185 precedente
639 4114 752 4169 libroS
820 4115 857 4168 20
876 4116 959 4169 etiam
977 4130 1030 4171 om.
1049 4115 1077 4170 P
1146 4114 1369 4171 suintericus

221 4207 343 4272 partes.
367 4203 385 4257 l.
407 4220 443 4259 m.
469 4205 481 4256 1
506 4203 534 4260 R
643 4204 810 4259 aerocalcum
838 4204 894 4259 ΕΡ
920 4203 1081 4258 aericalcnm
1103 4203 1132 4259 R
1159 4204 1369 4260 concalcumd

219 4292 257 4345 23
276 4292 340 4361 qua]
362 4308 440 4361 quarn
461 4291 569 4363 Sqnae
589 4292 627 4347 bd
717 4309 765 4363 per
783 4293 870 4348 om.b
947 4292 1059 4347 subdita
1075 4292 1164 4347 sibib
1254 4292 1367 4348 subdita

221 4382 267 4445 (m
288 4379 354 4433 add.
373 4396 408 4434 aa.
427 4380 455 4445 2)
475 4380 505 4435 E
576 4380 657 4451 quae]
676 4380 772 4453 quau
