3159 4950
683 498 904 552 Praelatio.
1308 501 1367 564 Vll

219 693 309 756 uelut
328 710 401 756 oum
420 695 505 756 recte
523 692 673 758 traditam
692 693 827 758 formam
848 713 928 776 qnae
947 697 998 758 est
1016 694 1169 776 spiritalis
1188 695 1221 760 in
1241 694 1369 777 spiritu-

219 798 279 862 alis
298 797 445 863 omnibus
469 798 533 863 iere
555 799 636 864 locis
656 803 843 876 commutat,
861 800 894 864 in
912 800 1047 866 uocibus
1067 802 1178 883 quales
1197 805 1272 866 sunt
1291 802 1369 866 mibi

219 904 300 968 nihil
314 923 331 970 c
345 904 484 970 litteram
508 905 616 970 littera
633 907 672 970 ch
690 906 845 984 restituit,
863 907 1136 990 praepositionum
1160 911 1369 973 consonantes

217 1029 352 1092 quarum
375 1011 530 1095 genuinas
553 1013 670 1078 formas
702 1013 851 1078 librarius
872 1013 999 1078 exhibet
1030 1014 1272 1080 assimilationis
1303 1013 1368 1098 legi

218 1117 370 1194 subiecit3
390 1117 448 1183 sed
467 1123 542 1184 sunt
560 1119 655 1184 etiam
676 1122 884 1197 corrosionis,
903 1140 984 1202 quae
1003 1120 1210 1186 restituendis
1230 1121 1369 1187 auctoris

219 1225 327 1290 uerbis
351 1226 424 1290 usui
449 1226 522 1292 sint.
547 1226 644 1294 itae.
669 1245 700 1310 g.
723 1245 797 1310 pag.
822 1229 876 1304 23,
902 1227 919 1290 7
949 1228 1103 1290 cersiacus
1125 1246 1182 1310 pro
1206 1228 1368 1291 terrainos.

217 1351 292 1416 pag.
317 1334 371 1408 45,
397 1333 415 1398 7
440 1333 652 1398 calamitatem
680 1353 736 1416 pro
760 1336 879 1398 aeterni
906 1338 991 1398 recte
1017 1333 1158 1416 reponit;
1192 1334 1265 1398 aliis
1288 1333 1370 1400 locis

219 1438 275 1502 ubi
300 1437 457 1522 uirgulam
481 1439 635 1504 excidisse
659 1440 833 1505 uerisimile
852 1443 903 1506 est
921 1443 1147 1506 consonantem
1161 1461 1193 1504 or
1207 1440 1369 1524 suppleuit

219 1547 258 1610 ut
289 1564 361 1628 pag.
391 1547 445 1624 47,
481 1547 521 1610 15
554 1547 598 1610 cd
629 1547 742 1624 littera,
776 1549 830 1624 22,
864 1549 883 1610 3
915 1547 1050 1612 asceterio
1082 1550 1115 1612 et
1145 1548 1258 1628 formo.
1291 1547 1370 1612 bene

217 1652 340 1717 multae
373 1652 441 1718 eius
474 1652 731 1718 emendationum
763 1672 820 1736 per
851 1672 885 1718 se
917 1655 1070 1718 bonarum
1103 1673 1142 1720 no
1173 1654 1369 1720 necessariae

220 1758 349 1841 quidem
373 1762 459 1826 sunt.
484 1759 564 1824 aliae
587 1760 667 1826 locis
692 1760 837 1824 obscuris
859 1759 965 1824 lucem
988 1759 1132 1826 afferunt.
1157 1779 1231 1824 cum
1254 1765 1287 1824 et
1309 1759 1368 1824 hae

219 1867 252 1928 et
283 1865 358 1930 illae
390 1866 463 1932 aliis
487 1866 650 1932 codicibus
675 1866 857 1937 offerantur,
877 1885 950 1931 eum
973 1885 1035 1931 non
1054 1885 1092 1931 ex
1110 1867 1292 1932 coniectura
1315 1887 1369 1931 eas

219 1971 401 2053 reposuisse
425 1972 483 2036 sed
506 1972 544 2036 ad
567 1972 697 2055 aliquod
721 1973 881 2055 exemplar
903 1973 1088 2038 emendasse
1115 1973 1279 2056 probabile
1303 1977 1368 2049 est;

220 2077 260 2143 cf.
287 2079 340 2156 55,
367 2080 500 2154 10.12;
537 2081 611 2154 loo,
641 2081 676 2156 43
713 2080 786 2144 110.
814 2081 869 2154 11;
903 2079 1140 2146 333.10alia.
1174 2079 1369 2146 scholiorum

219 2184 309 2250 uaria
336 2203 451 2268 genera
478 2189 511 2250 et
538 2186 706 2252 alibrario
735 2189 768 2250 et
797 2205 838 2248 m.
868 2188 887 2248 2
912 2190 945 2249 et
972 2187 992 2248 3
1029 2185 1150 2268 passim
1186 2186 1219 2250 in
1256 2187 1370 2270 margi·

219 2290 314 2356 nibus
348 2291 573 2375 deprehendas.
607 2313 687 2376 quae
721 2312 794 2357 cam
827 2293 865 2356 ad
900 2292 1132 2358 emendandum
1163 2292 1281 2357 librum
1309 2312 1370 2358 non

218 2397 398 2481 pertineant
420 2398 555 2464 libenter
578 2418 615 2464 ea
638 2399 741 2464 omisi.
767 2399 938 2483 conspicua
960 2398 1214 2480 interpolationis
1232 2397 1369 2485 uestigia

220 2505 346 2571 duobus
378 2507 460 2573 locis
494 2506 607 2585 detexi,
640 2526 712 2591 pag.
739 2509 791 2585 72,
818 2509 861 2573 14
893 2526 947 2569 acc
969 2505 1213 2585 recludebamini,
1248 2508 1323 2582 186,
1350 2508 1367 2571 7

217 2612 346 2677 aridem
368 2616 494 2689 ίοοτοοι,
518 2614 574 2679 ubi
597 2618 715 2677 terram
737 2614 886 2679 uncinare
910 2613 1015 2678 debui.

263 2718 368 2785 Codex
388 2720 592 2787 Sessorianus
615 2722 693 2785 licet
716 2720 814 2785 uerba
836 2720 1039 2803 integerrima
1062 2720 1239 2785 seruauerit
1262 2724 1368 2786 tamen

218 2830 251 2891 et
273 2826 342 2908 ipse
365 2846 428 2891 non
451 2826 532 2893 liber
551 2829 601 2893 est
619 2828 704 2891 omni
723 2845 839 2911 genere
862 2828 1068 2893 macularum.
1092 2830 1187 2908 atque
1210 2826 1369 2891 latissime

216 2950 253 2997 ea
272 2936 453 3016 cormptela
471 2938 645 3019 grassatur,
661 2933 746 3017 quod
763 2936 893 3017 propter
910 2932 1059 2999 similiter
1076 2932 1224 2997 cadentia
1239 2933 1368 3017 singula

215 3040 375 3105 uocabula
398 3043 431 3105 et
454 3044 539 3106 totae
564 3041 739 3107 sententiae
772 3040 910 3105 omissae
934 3044 1009 3106 sunt
1032 3041 1123 3105 uelut
1153 3058 1227 3124 pag.
1253 3042 1281 3115 7,
1310 3042 1366 3116 123

216 3148 269 3221 53,
305 3150 361 3223 18;
396 3150 471 3225 287,
507 3150 558 3215 18.
591 3168 654 3213 una
685 3168 718 3213 re
751 3152 859 3213 antem
887 3167 906 3211 a
934 3148 1047 3213 ceteris
1077 3147 1194 3221 differt3
1228 3146 1366 3231 singulis

215 3254 300 3319 euim
336 3255 425 3321 libris
468 3256 606 3339 capitula
648 3256 716 3321 siue
758 3256 931 3320 summaria
970 3255 1228 3337 praemittuntur.
1270 3271 1365 3337 quam

215 3360 478 3443 capitulationem
511 3362 572 3427 etei
600 3363 748 3445 siquam
772 3362 972 3444 aprioribus
1004 3360 1179 3427 editoribus
1210 3360 1361 3424 traditam

214 3468 321 3549 recepi
353 3468 482 3553 saepius
515 3468 735 3551 anteponenda
765 3468 894 3533 uidetur
928 3472 1035 3533 tamen
1068 3467 1238 3549 quominus
1270 3466 1363 3531 resti·

212 3575 335 3639 tuorem
355 3576 534 3658 complures
553 3594 667 3641 causae
686 3577 775 3640 erant
793 3594 873 3658 quae
893 3574 1066 3641 obstarent.
1086 3576 1119 3638 et
1137 3592 1246 3638 earum
1263 3571 1365 3655 prima

212 3681 310 3761 atque
343 3680 533 3766 grauissima
565 3685 643 3760 erat,
676 3680 761 3764 quod
792 3681 1011 3746 molestiorem
1035 3697 1237 3744 numeromm
1261 3678 1365 3743 diuer-

211 3786 341 3851 sitatom
365 3788 495 3853 excitari
517 3788 673 3854 nolebam.
694 3806 756 3869 qno
776 3787 906 3870 quidem
930 3786 1038 3853 studio
1061 3805 1124 3851 non
1148 3805 1221 3851 sum
1243 3788 1364 3850 temere

208 3898 331 3976 raptus,
355 3899 393 3959 ut
415 3914 535 3961 nouum
566 3895 737 3979 inciperem
771 3896 876 3978 caput
910 3893 967 3959 ubi
997 3892 1157 3959 sententia
1185 3911 1246 3957 nou
1278 3896 1366 3957 esset

209 3999 368 4065 absoluta.
415 4000 501 4084 quod
536 4002 592 4067 ubi
629 4001 745 4075 euenit,
783 4000 897 4083 capitis
942 4018 1109 4066 numerum
1145 4000 1177 4063 in
1219 3999 1363 4083 margine

207 4107 312 4187 posui.
346 4110 432 4174 tum.
449 4110 546 4173 etiam
577 4107 697 4175 codicis
730 4106 875 4173 condicio
908 4106 942 4171 id
974 4106 1189 4173 masnadebat.
1223 4105 1252 4169 is
1276 4105 1362 4169 euim

209 4212 369 4297 scriptura
404 4214 555 4281 continua
591 4215 637 4279 ita
673 4217 819 4281 exaratus
861 4217 921 4291 eet,
959 4216 996 4279 ut
1031 4211 1234 4278 membratim
1274 4214 1363 4277 certa

209 4318 348 4401 quadam
379 4321 607 4387 sententiarum
631 4320 712 4385 serie
735 4320 826 4385 finita
848 4319 979 4402 capituli
1010 4338 1161 4385 numerus
1194 4318 1361 4403 appositus

208 4427 262 4497 sit.
287 4428 343 4511 qui
366 4427 438 4493 aliis
462 4428 542 4493 locis
571 4429 627 4493 aut
658 4426 786 4493 omnino
819 4427 959 4493 omissus
992 4429 1043 4491 est
1073 4429 1130 4490 ant
1152 4464 1195 4473 -
1217 4424 1251 4489 id
1275 4426 1361 4508 quod
