3159 4950
249 476 312 538 190
581 472 609 525 S.
636 472 773 526 Aureli
801 472 1017 541 Augustini

248 670 423 734 ommatium
433 668 591 731 rationum
602 670 633 731 et
643 666 848 733 inohoouerat
859 670 1106 735 consummanda
1116 676 1244 755 proptor
1254 673 1395 738 ordinem

247 781 437 857 temporum.
462 775 490 839 si
514 793 588 858 orgo
613 774 733 838 inillis
762 774 873 857 primis
901 794 1004 840 rorum
1034 778 1149 854 causis,
1174 798 1254 861 quas
1277 780 1394 844 mundo

246 881 395 965 primitus
423 883 544 945 creator
570 880 716 958 inseruit,
746 900 807 945 non
837 884 961 945 tautum
989 883 1107 965 posuit,
1138 885 1222 967 quod
1251 886 1289 950 de
1318 887 1394 951 limo

247 988 439 1053 formaturus
458 986 782 1063 e1·athominen1‚sod
798 987 893 1051 etiam
909 988 1177 1070 quemadmodum
1193 991 1394 1061 formaturus.

247 1098 355 1158 utrum
387 1094 472 1158 siout
502 1094 535 1157 in
567 1092 678 1157 manis
711 1096 813 1169 utero,
842 1112 880 1157 en
908 1094 940 1158 in
969 1096 1069 1160 formu
1101 1096 1252 1175 iuuenali,
1286 1102 1396 1183 procui
1423 1120 1436 1158 ⁵

247 1200 343 1266 dubio
376 1200 424 1265 sio
455 1198 543 1275 fecit,
577 1202 614 1262 ut
646 1199 713 1264 illic
745 1199 943 1281 praefixorum
968 1220 1070 1284 nequo
1095 1204 1178 1267 enim
1203 1208 1311 1269 contra
1335 1206 1396 1271 dis-

247 1308 438 1392 positionem
470 1326 561 1371 suam
593 1306 780 1374 faceret.si
805 1312 913 1371 autem
949 1308 1017 1371 uim
1054 1312 1178 1373 tontum
1210 1312 1255 1375 ibi
1288 1312 1396 1394 posuit

245 1415 480 1498 possibilitatis,
509 1417 546 1477 ut
574 1415 669 1479 homo
698 1414 798 1483 fieret,
829 1434 955 1497 quoquo
984 1414 1077 1479 modo
1106 1417 1204 1494 fimet,
1234 1422 1271 1481 ut
1294 1421 1326 1482 et
1349 1419 1394 1484 sio

249 1526 280 1587 et
309 1523 355 1587 sio
383 1525 503 1605 posset,
531 1520 564 1584 id
593 1524 652 1598 est,
681 1524 718 1585 ut
746 1520 779 1584 id
803 1540 928 1604 quoque
951 1521 996 1584 ibi
1020 1525 1116 1587 esset.
1141 1524 1216 1605 quia
1240 1525 1341 1589 etsie
1364 1528 1396 1590 et

248 1629 295 1694 sio
327 1631 447 1712 posset,
480 1647 579 1691 unum
612 1631 719 1691 autem
752 1628 859 1709 ipsum
888 1626 1029 1704 modum,
1057 1648 1119 1710 quo
1148 1633 1216 1694 erat
1242 1632 1395 1711 facturus,
1417 1656 1442 1692 ιο

246 1737 279 1799 in
303 1755 361 1800 sua
384 1737 550 1801 uoluntate
574 1735 726 1810 seruauit,
751 1754 813 1799 nou
837 1733 946 1799 mundi
975 1736 1195 1800 constitutioni
1225 1738 1394 1813 contexuit,

246 1843 452 1906 manifestum
480 1845 530 1905 est
557 1841 652 1905 etiam
682 1840 729 1905 sio
757 1860 820 1905 non
848 1840 968 1905 factum
998 1860 1068 1905 esse
1098 1842 1257 1907 hominem
1288 1847 1394 1909 oontm

246 1968 341 2031 qnam
370 1948 495 2011 eratin
522 1948 578 2011 illa
605 1948 707 2030 prima
735 1946 916 2013 conditione
945 1966 1123 2023 causarum,
1152 1950 1227 2029 quia
1257 1950 1299 2013 ibi
1329 1953 1395 2014 erat

247 2054 343 2119 etiam
370 2054 418 2118 sio
444 2054 511 2118 fieri
538 2073 644 2135 posse,
675 2054 821 2136 quamuis
849 2073 911 2117 non
940 2054 985 2117 ibi
1014 2058 1079 2117 emt
1106 2054 1151 2118 ita
1174 2054 1241 2119 fieri
1264 2074 1393 2121 necesse

246 2160 417 2226 essehoc
436 2160 519 2225 enim
538 2179 600 2226 nou
621 2160 737 2224 eratin
757 2159 938 2225 conditione
958 2165 1129 2232 creaturae,
1151 2160 1256 2225 sedin
1276 2163 1393 2243 placito
1415 2184 1438 2225 ιε,

246 2268 407 2340 creatoris,
431 2267 522 2331 euius
546 2268 694 2331 uoluntas
718 2286 824 2331 rerum
849 2270 899 2332 est
921 2266 1107 2331 necessitas.

292 2376 343 2437 16.
367 2374 450 2437 Nam
482 2376 515 2437 et
546 2392 604 2438 nos
636 2392 691 2455 pro
725 2377 821 2456 oaptu
854 2372 1048 2438 infirmitatis
1081 2373 1236 2438 huunanae
1264 2374 1328 2439 iam
1360 2374 1391 2439 in

245 2480 323 2563 ipsis
346 2481 440 2545 rebus
464 2483 606 2563 tempore
630 2481 745 2545 exortis
769 2499 942 2563 possumus
966 2499 1070 2556 nosse,
1092 2481 1168 2564 quid
1186 2482 1217 2544 iu
1238 2482 1392 2564 cuiusque

245 2593 356 2650 natura
379 2587 431 2664 sit,
455 2587 540 2669 quod
563 2587 776 2669 experimento
800 2588 1046 2670 percepen'mus:
1076 2587 1132 2652 sod
1159 2591 1267 2651 utrum
1296 2588 1391 2652 etium

243 2693 388 2757 futurum
420 2693 464 2757 sit
494 2693 686 2776 ignoramus.
721 2697 771 2757 est-
803 2693 919 2776 quippe
952 2693 983 2756 in
1017 2697 1128 2758 notura
1160 2693 1266 2763 huius,
1300 2695 1389 2758 uerbi
1407 2719 1433 2757 eo

244 2799 354 2883 gratia.
378 2798 514 2872 iuuenis,
538 2802 576 2862 ut
599 2805 758 2869 senesoot;
784 2799 841 2864 sed
864 2805 973 2863 utrum
996 2799 1092 2863 etium
1120 2800 1180 2865 hoo
1210 2800 1252 2864 sit
1280 2800 1312 2865 in
1341 2800 1391 2867 dei

243 2906 420 2980 uoluntate,
458 2905 629 2968 noscimus.
658 2904 715 2970 sed
742 2924 800 2970 nec
838 2905 869 2970 in
907 2910 1019 2970 natura
1052 2908 1148 2982 esset,
1181 2907 1243 2970 nisi
1275 2907 1307 2970 in
1341 2907 1391 2970 dei

243 3013 409 3077 uoluntate
431 3011 519 3095 prius
542 3011 668 3087 fuisset,
693 3012 747 3094 qui
771 3011 914 3077 condidit
937 3013 1052 3078 omnio.
1077 3016 1108 3077 et
1130 3014 1241 3095 utique
1266 3015 1391 3078 oooulta

243 3119 323 3183 ratio
348 3122 397 3182 est
420 3118 594 3182 senectutis
619 3117 651 3181 iu
675 3136 804 3201 corporo
827 3119 967 3184 iuuenali
991 3121 1045 3184 uel
1068 3119 1245 3184 iuuentutis
1268 3121 1300 3184 in
1325 3139 1391 3186 cor-

243 3245 318 3308 pore
342 3225 471 3309 puen'li;
505 3244 606 3306 neque
631 3225 716 3288 euim
740 3224 842 3290 oeulis
868 3226 1014 3302 oernitnn
1040 3227 1123 3290 sieut
1145 3227 1215 3308 ipsa
1238 3227 1268 3290 in
1293 3245 1389 3310 puero
1407 3249 1435 3290 as

243 3332 387 3415 pueritia,
417 3331 501 3395 siout
527 3331 680 3395 iuuentus
708 3331 740 3394 in
767 3331 894 3407 iuuene,
928 3331 984 3396 sed
1016 3331 1078 3398 ulia
1110 3331 1245 3415 quadam
1277 3333 1391 3398 notitia

279 3506 293 3556 1
313 3503 489 3558 inchoauerat
507 3503 626 3556 rationes
647 3503 768 3557 causales
793 3503 942 3557 fiendorum
967 3504 1067 3557 inundo
1087 3505 1246 3574 imprimens
1265 3521 1388 3558 cousum-

242 3593 341 3646 manda
359 3593 449 3661 soph
523 3592 732 3654 consummanda
751 3593 780 3646 E
882 3592 1043 3664 2primitus
1062 3593 1092 3646 E
1161 3593 1261 3648 mundo
1282 3595 1308 3663 (n
1328 3611 1350 3648 s.
1370 3594 1387 3649 1.

242 3699 276 3735 m.
294 3682 319 3744 1)
338 3681 366 3736 R
437 3681 710 3751 tquemammodum
728 3681 810 3736 EPR
910 3681 1113 3736 formaturosS
1183 3681 1333 3736 5iuuenili
1353 3681 1390 3736 bd

243 3771 379 3824 7fecerat
396 3769 468 3840 Eup.
489 3770 593 3836 (Knotl
612 3773 750 3837 232,27)
825 3787 844 3823 a
862 3787 928 3824 uoce
947 3772 970 3824 si
989 3770 1071 3839 incip,
1092 3787 1153 3839 cap.
1172 3769 1221 3824 XX
1240 3771 1271 3824 E
1322 3771 1389 3825 8ut

241 3859 364 3929 et]utS
397 3859 478 3914 salt.
495 3859 535 3928 id]
553 3859 645 3912 ideob
694 3859 779 3927 potus
797 3863 825 3913 ot
844 3861 923 3914 om.t
962 3860 993 3914 ll
1008 3859 1204 3914 constitutione
1218 3859 1272 3914 PR
1287 3860 1387 3914 consti·

241 3947 379 4002 tutionet
434 3947 467 4000 12
487 3947 580 4014 etiam]
601 3947 673 4000 enim
688 3947 759 4016 Eup.
777 3947 829 4013 (ed.
845 3947 934 4001 Kno'll
949 3949 1018 4012 233,
1035 3951 1063 4013 3)
1122 3947 1155 4002 13
1175 3947 1265 4016 quam]
1286 3947 1387 4017 quodb

244 4038 277 4090 14
301 4037 357 4089 etia
379 4053 400 4089 a.
426 4036 445 4090 l.
467 4052 501 4090 on.
521 4036 537 4088 2
556 4036 584 4088 Ρ
672 4037 706 4089 16
730 4038 773 4090 est
796 4052 885 4090 rerum
909 4037 1057 4090 necessitas
1081 4035 1104 4091 S
1125 4052 1213 4090 rerum
1237 4035 1387 4090 necessitas

242 4124 390 4179 estPRbd
445 4125 477 4178 18
496 4124 634 4179 nosceret
692 4125 724 4178 19
744 4124 828 4194 quod]
848 4123 956 4194 quamb
1012 4125 1044 4178 21
1060 4129 1126 4193 post
1145 4127 1268 4178 senescet
1288 4123 1387 4178 addita

240 4220 307 4267 mont
329 4213 413 4268 uerba
434 4229 504 4268 uero.
527 4218 563 4267 19
587 4213 634 4268 sed
658 4217 910 4267 utrum-senescat
932 4231 966 4267 on.
986 4214 1002 4266 2
1021 4213 1053 4267 in
1071 4231 1120 4283 mo.
1140 4213 1168 4268 R
1275 4209 1326 4268 hoc'
1349 4215 1387 4267 sit

181 4371 186 4378 ι
242 4304 324 4355 etiam
347 4302 426 4357 PRS
445 4302 496 4356 hoc
521 4303 603 4356 etium
627 4304 665 4357 sit
683 4302 720 4356 bu
809 4303 844 4356 24
867 4303 981 4358 iuuenili
1000 4303 1038 4356 od
1144 4302 1295 4356 iuuentutis
1314 4303 1385 4371 Eup.

241 4392 276 4445 26
295 4393 421 4445 iuuentus
440 4393 511 4460 Eup.
600 4385 605 4393 “
