3159 4950
233 471 298 536 266
591 469 617 522 S.
647 466 785 522 Aureli
813 467 1030 538 Augustini

231 664 312 728 illo.
348 662 500 746 quadie
535 666 659 729 autem
685 664 845 730 ederitis
869 664 912 728 ab
938 683 989 741 eo,
1013 667 1133 728 morte
1155 663 1380 742 moriemini,

231 771 259 836 si
282 770 413 836 modum
437 770 630 852 quaerimus,
654 769 814 854 quomodo
842 770 906 835 ieta
932 771 1062 834 locutus
1085 769 1130 834 sit
1152 769 1242 848 deus,
1267 770 1380 837 modus

232 877 360 960 quidem
378 877 448 961 ipse
464 897 483 942 a
500 877 592 943 uobis
610 876 736 962 proprie
755 876 968 960 conprehendi
986 895 1047 942 non
1065 877 1382 960 potest.oertissime

230 987 336 1049 tamm
359 987 466 1050 tenera
490 983 643 1048 debemus
667 985 762 1049 deum
786 986 844 1048 aut
865 1003 921 1067 per
943 1001 1034 1049 suam
1058 984 1270 1049 substantiam
1293 983 1382 1067 loqui

231 1093 287 1154 aut
313 1109 370 1174 per
396 1090 457 1156 sibi
486 1090 648 1155 subditam
675 1093 867 1168 ereaturam3
897 1090 954 1156 sed
975 1109 1033 1174 per
1055 1091 1267 1155 substantiam
1290 1109 1381 1156 suam
1413 1112 1426 1152 a

230 1216 292 1262 non
316 1197 405 1280 loqui
427 1196 490 1262 uisi
512 1197 552 1261 ad
575 1195 725 1263 creandas
754 1215 865 1262 omnes
892 1200 1032 1275 naturas,
1057 1197 1097 1262 ad
1120 1197 1280 1280 spiritales
1303 1216 1380 1263 uero

231 1305 327 1385 atque
358 1304 593 1369 intellectuales
626 1324 689 1370 nou
722 1305 828 1369 solum
856 1303 1017 1381 creandas,
1046 1303 1103 1369 sed
1131 1305 1228 1369 etiam
1255 1304 1382 1368 inlumi-

231 1411 363 1491 nandam,
392 1429 465 1476 cum
492 1411 557 1476 iam
583 1413 721 1495 possunt
748 1429 858 1494 capere
881 1410 1076 1476 locutionem
1100 1411 1180 1490 eius,
1204 1411 1308 1494 qualis
1333 1415 1383 1476 est

231 1517 263 1582 in
296 1520 393 1584 uerbo
427 1518 507 1596 eius,
542 1517 627 1600 quod
659 1515 692 1582 in
723 1517 879 1601 principio
912 1520 980 1582 erat
1006 1517 1091 1601 apud
1120 1517 1216 1582 deum
1244 1520 1278 1582 et
1304 1517 1381 1582 deus

231 1629 299 1690 erat
330 1626 474 1702 uerbum,
507 1643 563 1708 per
594 1623 680 1707 quod
711 1623 797 1689 iacta
829 1627 906 1689 sunt
936 1623 1053 1689 omnia.
1086 1624 1297 1701 illimatam,
1327 1622 1382 1707 qui
1400 1645 1428 1683 ro

232 1749 301 1796 eam
334 1751 445 1815 capere
476 1750 538 1796 nou
569 1733 714 1815 possunt,
752 1749 826 1796 cum
861 1731 1003 1814 loquitur
1038 1730 1128 1808 deus,
1166 1731 1291 1796 nonnisi
1326 1749 1383 1814 per

231 1841 407 1902 creaturam
429 1837 572 1920 loquitur
594 1840 651 1902 aut
672 1837 893 1902 tautummodo
917 1836 1094 1919 spiritalem
1117 1837 1188 1902 siue
1209 1837 1242 1900 in
1261 1836 1381 1902 somnis

233 1943 301 2009 siue
329 1945 361 2008 in
390 1945 489 2010 extasi
516 1943 549 2009 in
578 1943 788 2010 similitudine
825 1962 930 2009 rerum
958 1942 1169 2024 corporalium
1198 1946 1254 2007 aut
1285 1942 1382 2007 etiam

231 2069 288 2135 per
299 2051 403 2136 ipsam
418 2053 622 2135 corporalem,
643 2051 718 2115 dum
738 2049 886 2116 sensibus
904 2047 1043 2132 corporis
1062 2049 1116 2113 uel
1134 2049 1242 2132 adque
1258 2049 1382 2132 species

231 2157 363 2242 adparet
384 2157 438 2223 'uel
459 2157 609 2224 insonant
631 2175 739 2222 uoces.
1400 2177 1427 2219 aa

277 2263 310 2330 Si
334 2283 408 2349 ergo
432 2264 534 2330 Adam
557 2263 631 2329 talis
656 2266 733 2341 erat,
756 2267 796 2327 ut
817 2265 929 2345 posset
950 2281 1061 2345 capere
1079 2261 1169 2326 illam
1187 2262 1383 2327 locutionem

233 2371 294 2448 dei,
319 2389 414 2454 quam
437 2365 599 2438 mentibus
624 2370 777 2454 angelicis
805 2389 862 2453 per
890 2388 980 2434 suam
1004 2367 1136 2452 praebet
1158 2368 1382 2447 substantiam,

231 2496 294 2543 non
323 2476 531 2543 dubitandum
560 2480 618 2553 est,
647 2477 732 2561 quod
760 2477 828 2542 eius
855 2480 996 2541 mentem
1017 2494 1075 2559 per
1095 2478 1224 2560 tempus
1247 2476 1385 2542 mouerit

233 2585 312 2649 miro
338 2586 371 2649 et
393 2584 544 2649 ineflabili
575 2582 682 2661 modo,
714 2603 776 2649 nou
808 2587 917 2649 motus
948 2584 1017 2666 ipse
1049 2600 1106 2666 per
1127 2586 1266 2666 tempus,
1290 2582 1383 2666 eique

233 2690 312 2755 utile
345 2708 382 2755 ac
414 2690 540 2755 salubre
577 2693 782 2775 praeceptum
820 2690 964 2755 uentatis
1011 2689 1199 2772 inpresserit
1234 2690 1268 2753 et
1303 2707 1383 2772 quae
1401 2712 1429 2752 so

233 2796 460 2880 transgressori
482 2815 585 2879 poena
608 2796 776 2862 deberetur
797 2814 836 2861 ea
856 2796 928 2879 ipsa
960 2796 1114 2862 ineffabili
1137 2796 1273 2861 ueritate
1294 2814 1384 2861 mon·

234 2902 393 2982 emanarit,
418 2902 502 2967 siout
530 2903 702 2969 audiuntur
729 2904 782 2968 uel
809 2902 959 2968 uidentur
982 2902 1089 2969 omnia
1110 2884 1194 2969 bona
1214 2904 1385 2986 praecepta

233 3010 265 3075 in
298 3010 370 3093 Ipsa
400 3009 655 3075 incommutabili
688 3010 853 3093 sapientia,
887 3028 966 3093 quae
994 3009 1026 3074 in
1054 3009 1176 3074 animas
1200 3012 1384 3074 mactasse

234 3116 384 3181 transfert
411 3134 447 3179 ex
475 3114 580 3198 aliquo
609 3118 761 3199 tempore,
790 3134 864 3180 cum
890 3115 993 3198 ipsius
1021 3116 1131 3181 nullus
1155 3116 1200 3182 sit
1220 3118 1328 3180 motus
1351 3114 1383 3178 in

233 3226 388 3305 tempore.
417 3221 445 3286 si
473 3224 579 3286 autem
607 3221 647 3285 ad
675 3240 747 3286 eum
775 3221 908 3287 modum
930 3221 1031 3287 Adam
1058 3222 1165 3287 iustus
1194 3225 1271 3299 erat,
1295 3224 1334 3285 ut
1356 3221 1385 3285 ei
1403 3248 1430 3287 re

236 3327 338 3393 adhue
367 3345 446 3412 opus
475 3330 562 3392 esset
588 3327 719 3393 alteriue
747 3331 909 3392 ereabrrae
938 3326 1105 3393 sanctioris
1128 3331 1162 3392 et
1184 3325 1384 3409 sapientioris

236 3436 418 3511 auotoritas,
460 3454 517 3518 per
558 3454 652 3517 quam
694 3437 902 3518 cognosceret
947 3434 998 3499 dei
1044 3433 1244 3499 uoluntatem
1289 3435 1384 3517 atque

325 3645 342 3698 9
360 3644 394 3699 ef.
412 3644 471 3699 Ioh.
493 3644 562 3709 1,1.
582 3644 599 3699 3
654 3644 689 3699 28
709 3644 741 3699 oi.
763 3644 826 3714 Sap
847 3645 872 3709 7,
891 3644 927 3699 27

273 3768 479 3823 laederitisS
548 3768 593 3839 ab]
620 3767 696 3823 deS
748 3768 921 3838 dloquntue
939 3767 968 3822 P
1020 3767 1184 3838 dpropriae
1202 3765 1253 3821 ΡΒ
1322 3782 1385 3820 cou-

236 3856 385 3929 praehendi
403 3856 510 3912 EPRS
562 3856 786 3927 dloquutioncm
805 3856 834 3911 P
886 3857 990 3926 eaput
1006 3854 1063 3909 ΕΡ
1132 3854 1224 3925 deum]
1242 3872 1304 3910 eum
1322 3854 1386 3924 Erro

238 3946 269 4001 11
292 3947 362 4015 eam]
383 3945 481 4001 sums
543 3946 576 4001 13
595 3945 744 4001 extasinR
763 3944 902 4000 ecstaaid
970 3945 999 3998 in
1018 3960 1070 4001 om.
1089 3943 1176 3999 E¹Rb
1241 3944 1275 3998 14
1293 3942 1387 4013 aliqua

238 4040 285 4103 (qu
303 4048 323 4088 s.
345 4034 363 4087 l.
382 4050 416 4087 m.
438 4034 464 4101 1)
483 4033 512 4088 R
567 4034 601 4089 16
620 4050 680 4104 cap.
700 4032 808 4087 XVIIII
826 4032 858 4088 E
925 4031 1056 4104 possitS
1124 4031 1314 4101 loquutionem
1331 4030 1385 4087 PR

238 4124 272 4176 19
291 4120 423 4177 ineffabili
443 4122 463 4187 (i
481 4122 530 4190 fic.
550 4139 583 4177 aa
601 4138 615 4176 e
634 4140 668 4177 m.
689 4124 714 4191 1)
733 4122 761 4177 R
852 4122 878 4175 ei
896 4119 1008 4191 queeS
1077 4120 1112 4174 20
1131 4118 1200 4174 utile
1224 4120 1266 4189 eo]
1291 4120 1386 4189 utique

237 4211 288 4265 hoo
306 4210 377 4282 Eup.
437 4210 587 4281 salubreS
643 4212 821 4282 inpraesserit
836 4210 891 4266 Rs
951 4211 1078 4280 atquae]
1096 4210 1233 4280 quequeb
1293 4222 1344 4278 que
1358 4208 1387 4263 a

238 4298 271 4352 21
292 4298 499 4368 transgressori
520 4298 540 4363 (i
561 4302 642 4365 aas.)
662 4298 690 4354 R
776 4296 892 4353 debetur
909 4297 950 4353 23ι
1029 4297 1132 4368 ipseS
1209 4294 1387 4351 ineffabiliter

239 4384 394 4455 rasura,
414 4388 445 4456 (s.
466 4386 484 4440 l,
503 4404 537 4440 m.
556 4386 585 4455 2)
603 4388 669 4443 Ebd
732 4388 766 4441 22
786 4388 888 4457 omnia]
907 4404 939 4441 ea
958 4387 1048 4440 omnia
1066 4387 1082 4439 b
1148 4386 1184 4440 24
1202 4385 1348 4440 transferet
1365 4384 1390 4439 S
