3159 4950
422 445 463 499 ae
493 411 636 500 cen'esr
664 446 708 500 aa
735 446 918 500 rosteram
945 445 1011 500 rio.
1035 446 1100 500 1111.
1224 482 1226 488 .
1265 449 1329 512 119

183 641 343 723 quomodo
367 641 573 725 intellegatur
595 641 627 705 in
652 660 686 706 se
708 641 779 724 ipso
804 641 882 706 deus
904 642 1100 724 requieuisse
1125 643 1163 706 ab
1183 640 1329 708 omnibus

183 749 333 830 operibus
362 749 441 826 suis,
471 767 552 830 quae
580 747 667 825 fecit,
697 767 769 812 curu
801 748 955 831 scriptum
980 749 1041 812 sit:
1075 751 1112 812 et
1138 749 1329 832 requieuit

183 853 275 920 deus
304 856 340 919 in
370 854 429 918 die
458 855 631 938 septimo.
667 873 729 920 non
758 854 840 919 eninr
870 853 990 919 dictum
1025 858 1092 920 est:
1124 855 1156 920 in
1186 875 1219 920 se
1246 857 1328 938 ipso.

184 961 258 1026 sed:
287 963 324 1025 in
349 960 409 1026 die
431 961 605 1044 septimo.
644 961 722 1043 quiri
746 964 796 1026 est
819 980 892 1045 ergo
918 960 985 1024 dies
1009 961 1191 1044 septimus?
1220 965 1325 1026 utrurn

146 1071 326 1134 screatura
354 1072 405 1134 est
432 1068 547 1150 aliqua,
577 1087 615 1132 an
643 1068 797 1150 temporis
814 1067 1046 1144 ,tantummodo
1075 1069 1239 1152 spatium?
1273 1069 1328 1134 sed

182 1175 280 1240 etiam
307 1175 460 1258 temporis
490 1176 628 1258 spatium
657 1177 819 1240 creaturae
847 1174 1013 1256 temporali
1041 1179 1242 1240 concreatum
1267 1177 1326 1240 est.

181 1301 218 1346 ac
246 1301 303 1365 per
329 1282 392 1346 hoc
420 1285 452 1345 et
478 1281 585 1364 ipsum
615 1282 682 1346 sine
711 1281 808 1346 dubio
837 1283 981 1346 creatura
1012 1283 1070 1346 est.
1108 1299 1210 1364 neque
1243 1280 1326 1346 eninr

181 1389 248 1453 ulia
266 1393 410 1471 tempora
428 1389 482 1453 uel
501 1391 576 1453 eunt
594 1389 648 1452 nel
667 1407 737 1452 csse
755 1391 931 1471 potuerunt
948 1389 1001 1452 uel
1020 1391 1178 1469 poterunt,
1193 1405 1325 1470 quorum

181 1495 259 1559 deus
284 1513 346 1559 uon
371 1495 415 1560 sit
438 1498 561 1560 creator
584 1543 592 1558 .
617 1513 654 1558 cc
681 1513 737 1578 per
763 1495 825 1560 hoc
853 1497 886 1558 et
912 1494 1011 1559 istum
1035 1495 1208 1577 septimum
1231 1493 1326 1560 diem.

134 1621 161 1660 ro
180 1602 209 1665 si
231 1606 359 1684 tempus
384 1605 444 1675 cst,
469 1602 540 1683 quis
565 1602 695 1669 creauit,
719 1602 780 1665 nisi
804 1602 945 1666 omnium
973 1604 1151 1684 temporum
1180 1603 1326 1666 creator?

179 1707 237 1772 scd
265 1707 314 1771 illi
338 1727 391 1772 ser
421 1706 487 1772 dies
521 1727 593 1772 cunr
621 1707 738 1791 quibus
767 1709 821 1772 uel
848 1709 879 1772 in
909 1708 1024 1790 quibus
1054 1708 1205 1773 creaturis
1229 1708 1326 1772 creati

179 1814 253 1890 sint,
283 1815 427 1897 superior
454 1814 628 1898 scripturae
657 1818 785 1879 sanctae
818 1833 921 1880 sermo
953 1815 1080 1879 indicat.
1120 1815 1266 1897 quocirca
1293 1815 1324 1878 in

179 1920 229 1984 his
262 1921 377 1986 diebus
411 1925 545 2005 septem,
578 1941 714 2004 quorum
747 1922 870 2004 species
899 1923 975 1986 noto
1001 1922 1093 1986 nobis
1122 1925 1181 1996 est,
1211 1920 1264 2003 qui
1291 1941 1324 1984 re

178 2026 307 2107 quidem
330 2028 401 2109 ipsa
422 2031 635 2110 praetereunt,
659 2028 717 2093 scd
740 2027 811 2092 aliis
840 2027 1086 2092 succedentibus
1113 2027 1240 2092 nomina
1268 2046 1325 2092 sua

131 2154 158 2192 ιε
178 2133 412 2214 quodammodo
441 2133 579 2210 tradunt,
608 2137 645 2198 ut
671 2134 719 2197 ilii
744 2153 798 2198 sex
832 2132 898 2198 dies
932 2133 1141 2210 nominentur,
1175 2133 1324 2218 nouimus

178 2257 288 2304 eorum
312 2239 407 2321 primi
431 2241 556 2322 quondo
574 2241 678 2304 *creati
703 2242 785 2316 sint;
815 2241 987 2324 septimum
1016 2245 1123 2304 autern
1152 2240 1245 2314 diem,
1271 2237 1325 2322 qui

177 2345 305 2409 nornine
329 2346 455 2411 sabbati
478 2351 689 2429 nuncupatur,
709 2347 835 2429 quando
860 2347 939 2412 deus
963 2347 1126 2422 creauerit,
1151 2365 1212 2411 non
1237 2346 1323 2410 uidc-

177 2469 260 2517 mus.
285 2452 318 2516 in
342 2453 413 2537 ipso
436 2454 553 2537 quippe
578 2453 628 2517 die
651 2474 713 2520 non
735 2453 814 2520 fecit
837 2451 966 2536 aliquid,
991 2453 1089 2519 immo
1109 2452 1147 2517 cb
1167 2453 1223 2529 sis
1244 2471 1322 2535 quae

176 2578 230 2622 sex
253 2560 367 2625 diebus
389 2560 518 2625 fecerat.
538 2560 570 2623 in
591 2560 701 2624 eodem
722 2560 858 2644 septimo
877 2558 1045 2641 requieuit.
1069 2559 1227 2641 quomodo
1247 2578 1322 2643 crgo

125 2688 158 2727 eo
175 2665 336 2747 requieuit
358 2666 390 2729 in
415 2664 475 2737 dic,
500 2684 595 2747 quern
619 2684 680 2730 non
704 2666 849 2730 creauit?
883 2667 939 2729 aut
967 2665 1124 2747 quomodo
1154 2684 1226 2729 euna
1249 2671 1323 2747 post

176 2792 230 2836 ser
249 2772 317 2837 dies
336 2772 485 2836 continuo
506 2772 635 2848 creauit,
652 2792 724 2837 curu
740 2777 829 2837 sexto
850 2772 898 2837 die
919 2772 1190 2838 consummauerit
1208 2773 1322 2849 omnia,

175 2898 257 2961 quae
289 2880 420 2954 creauit,
452 2898 512 2943 nec
544 2878 666 2961 aliquid
697 2880 834 2963 septimo
863 2879 914 2943 die
942 2878 1106 2955 creauerit,
1140 2878 1195 2943 sed
1223 2880 1255 2943 in
1284 2898 1320 2945 eo

174 2986 282 3067 potius
316 2986 355 3050 ab
388 2986 546 3063 omnibus,
580 3004 662 3068 quae
694 2990 866 3063 cresceret,
900 2986 1118 3069 requiscerit?
1151 3004 1189 3049 an
1223 3004 1319 3049 unurn

174 3090 396 3157 tantummodo
430 3090 514 3155 diem
547 3091 669 3156 creauit
700 3092 793 3169 deus,
827 3096 865 3156 ut
896 3092 965 3157 eius
996 3092 1183 3174 repetitione
1215 3092 1320 3168 multi,

125 3220 156 3260 25
175 3198 230 3279 qui
253 3196 403 3262 dicuntur
426 3197 504 3274 dies,
527 3199 736 3281 praeterirent
758 3201 852 3281 atque
876 3201 1136 3275 transcurrerent
1159 3218 1217 3263 nec
1241 3217 1320 3281 opus

175 3306 252 3378 erat,
275 3306 314 3367 ut
335 3303 508 3387 septimum
532 3304 617 3369 diem
641 3308 769 3378 crearet,
794 3306 869 3387 quia
894 3305 994 3382 illius,
1024 3324 1117 3387 quern
1147 3308 1319 3383 creaueret,

174 3409 313 3490 septima
334 3410 482 3492 repetitio
508 3410 591 3475 hunc
614 3411 726 3493 utique
745 3410 906 3475 faciebat?
929 3411 1035 3475 lucem
1054 3410 1182 3493 quippe.
1202 3410 1239 3474 de
1259 3430 1320 3493 qua

172 3516 329 3596 scriptum
358 3520 425 3579 est:
455 3520 493 3580 et
515 3516 610 3581 dixit
634 3517 739 3582 deus:
768 3518 839 3580 fiat
861 3516 923 3581 lua
949 3566 955 3581 .
982 3519 1018 3580 et
1040 3516 1141 3581 facta
1165 3518 1317 3593 estleia,

171 3622 327 3686 discreuit
350 3641 369 3686 a
390 3622 529 3687 tenebris
554 3642 685 3704 eamque
709 3624 840 3687 uocauit
864 3622 947 3686 aliern
973 3625 1004 3685 et
1023 3623 1170 3687 tenebras
1189 3622 1318 3688 uocauit

261 3846 279 3899 2
298 3845 366 3901 Gen.
385 3847 411 3912 2,
430 3847 446 3899 2
500 3847 535 3901 28
554 3846 622 3904 Gen.
642 3848 666 3911 1,
686 3848 703 3900 3

207 4006 405 4061 ttantumodo
423 4007 452 4061 R
524 4007 602 4060 test
620 4008 708 4061 om.b
780 4008 858 4078 7ac]
876 4008 927 4061 hac
947 4008 974 4062 P
1045 4006 1173 4077 9istum]
1193 4006 1316 4077 ipsumb

172 4096 207 4150 12
225 4095 331 4151 euntR
386 4096 419 4149 13
439 4097 496 4165 qui]
515 4096 604 4165 quaS
672 4113 728 4149 reru
742 4096 782 4149 E¹
839 4099 871 4150 14
888 4096 1029 4167 ipsamet
1085 4094 1318 4151 rosuntPRsoo

169 4185 206 4239 20
225 4184 297 4246 diem
315 4184 347 4237 E
415 4184 531 4254 qaamb
603 4200 664 4238 cum
683 4185 770 4239 orob
833 4184 866 4239 21
888 4184 1088 4239 consumaacrit
1105 4186 1137 4241 R
1191 4185 1225 4238 22
1245 4200 1316 4239 crea·

170 4275 213 4328 uit
230 4274 270 4328 E¹
342 4273 377 4327 23
394 4290 456 4341 cop.
474 4272 523 4327 XX
542 4274 573 4327 Ε
642 4275 677 4327 24
695 4274 896 4344 tantummodo]
919 4274 1062 4328 tantumb
1134 4272 1205 4327 diem
1224 4272 1319 4328 συιδ

170 4362 213 4430 ut]
232 4361 295 4415 etb
350 4362 385 4414 25
404 4362 598 4431 praeterierent
615 4362 643 4417 R
706 4362 740 4416 27
759 4361 967 4432 repetitiones&
1028 4362 1062 4416 28
1076 4362 1160 4431 petus
1178 4366 1206 4415 et
1224 4360 1319 4417 oms
