3159 4950
204 463 268 525 256
565 456 591 509 S.
619 456 755 509 Aureli
783 455 999 524 Augustini

206 674 300 736 quam
333 653 452 735 experti
484 655 617 716 sumus?
649 670 751 715 nonne
776 651 852 733 quia
875 649 1041 727 sentimus,
1066 650 1142 733 qnid
1166 651 1209 715 sit
1231 651 1350 728 uiuere,

206 762 330 827 eteius
362 760 407 823 rei
439 758 650 842 priuatiouem
682 776 837 821 uocamus
871 759 1015 835 mortem,
1038 758 1123 821 unde
1150 757 1288 845 reditum
1313 758 1352 823 ad

142 886 144 888 ’
205 868 248 943 id,
272 867 358 949 quod
382 866 549 939 sentimus
573 865 836 929 resurrectionem
861 864 1084 947 appellamus?
1110 864 1188 929 etsi
1208 883 1269 948 quo
1290 864 1351 930 alio

206 974 334 1039 nomine
352 976 384 1037 iu
405 990 605 1054 quacumque
618 972 729 1054 lingua
746 970 780 1034 id
796 972 899 1053 ipsum
921 972 1109 1054 appellatur,
1124 972 1223 1036 menti
1241 972 1353 1054 utique

208 1082 336 1164 signum
358 1079 538 1143 insinuetur
559 1078 593 1141 in
615 1095 695 1141 uoce
721 1077 933 1158 loquentium,
958 1096 1018 1159 quo
1048 1083 1178 1142 sonante
1202 1080 1384 1161 agnoscats

208 1188 293 1270 quod
327 1187 422 1252 etiam
455 1185 523 1249 sine
557 1184 647 1267 signo
677 1184 843 1267 cogitaret.
872 1184 987 1249 mirum
1013 1188 1062 1249 est
1085 1185 1179 1255 enim.
1205 1184 1355 1268 quemad-

207 1293 337 1358 modum
376 1310 491 1367 rernm,
525 1308 603 1371 quas
641 1289 748 1367 habet,
787 1291 991 1355 amissionem
1030 1292 1125 1354 etiam
1162 1290 1353 1374 inexpertam

209 1403 321 1463 natura
353 1398 483 1462 deuitet.
518 1397 588 1479 quis
614 1397 697 1460 enim
721 1415 835 1479 pecora
859 1396 967 1463 docuit
991 1396 1218 1463 deuitationem
1243 1398 1353 1463 mortis

208 1506 271 1569 nisi
294 1524 406 1569 sensus
429 1503 536 1567 uitae?
561 1503 631 1586 quis
655 1504 827 1586 paruulum
845 1522 978 1588 puerum
1002 1504 1224 1569 adhaerescere
1247 1505 1354 1570 baiulo

211 1632 279 1686 suo,
304 1612 332 1676 si
355 1630 429 1675 eum
452 1610 548 1674 suerit
570 1630 607 1674 ex
629 1611 693 1674 alto
716 1610 819 1674 iacere
842 1612 1007 1673 minatus?
1041 1611 1125 1692 quod
1159 1632 1194 1675 er
1218 1612 1355 1695 quodam
1378 1640 1402 1676 lc

211 1723 352 1801 tempore
384 1718 508 1800 incipit,
537 1716 594 1781 sed
625 1720 732 1780 tamen
760 1722 929 1799 antequam
959 1718 1077 1801 aliquid
1106 1718 1173 1783 eius
1197 1718 1283 1783 modi
1306 1738 1357 1783 er-

211 1828 319 1907 pertus
344 1824 396 1891 sit.

258 1931 311 1997 Sic
335 1950 409 2014 ergo
433 1931 497 1994 illis
521 1930 631 2013 primis
655 1930 837 1994 hominibus
862 1930 925 1994 iam
949 1930 1017 1995 uita
1041 1934 1107 1997 erat
1131 1933 1243 2009 dulcis,
1264 1952 1357 2015 quam

212 2038 353 2121 profecto
373 2037 518 2101 amittere
537 2036 728 2113 deuitabant
744 2036 841 2118 idque
860 2037 966 2120 ipsum
985 2038 1240 2122 quibuscumque
1255 2039 1359 2104 modis

214 2146 266 2210 uel
290 2145 375 2209 sonis
400 2144 631 2228 significantem
656 2142 750 2208 deum
773 2144 959 2227 intellegere
991 2148 1146 2227 poterant.
1181 2164 1238 2209 nec
1269 2147 1361 2211 aliter
1379 2164 1404 2203 ¹⁵

216 2254 262 2317 eis
294 2256 405 2335 posset
436 2251 619 2335 persuaderi
640 2254 818 2335 peccatum,
843 2252 904 2315 nisi
927 2253 1015 2334 prius
1038 2252 1282 2335 persuaderetur
1306 2272 1360 2317 eos

216 2381 252 2424 es
273 2361 331 2425 illo
355 2360 438 2424 facto
462 2379 525 2424 non
549 2378 619 2423 esse
642 2360 825 2435 morituros
850 2358 883 2422 id
908 2361 957 2423 est
978 2359 1069 2435 illud,
1094 2359 1179 2442 quod
1202 2360 1361 2425 habebant

217 2470 249 2534 et
268 2487 302 2532 se
320 2466 437 2532 habere
457 2466 647 2550 gaudebant,
666 2485 726 2530 non
747 2465 940 2530 amissuros:
965 2466 1049 2531 unde
1064 2487 1122 2532 suo
1141 2467 1212 2533 loco
1232 2467 1362 2550 loquen-

218 2575 293 2657 dum
317 2578 376 2638 est.
402 2573 570 2638 aduentant
591 2573 708 2654 itaque,
729 2573 856 2655 siquos
879 2576 999 2650 mouet,
1019 2575 1176 2657 quomodo
1200 2577 1363 2658 potuerint

216 2681 399 2764 intellegere
435 2680 597 2762 inexperta
632 2680 848 2743 nominantem
885 2680 938 2745 uel
976 2681 1148 2745 minantem
1187 2681 1292 2760 oleum,
1331 2687 1364 2746 et
1382 2699 1408 2738 2⁰

217 2787 349 2851 uideant
363 2805 419 2850 nos
436 2787 576 2850 omnium
595 2786 826 2869 inexpertorum
848 2789 975 2851 nomina
993 2788 1118 2854 nonnisi
1134 2808 1168 2852 ex
1189 2789 1363 2862 contrariis

218 2911 298 2974 quae
325 2893 388 2955 iam
416 2893 574 2968 nouimus,
599 2893 629 2956 si
650 2892 864 2974 priuationum
889 2897 972 2971 sunt,
999 2897 1054 2958 aut
1077 2915 1112 2959 er
1142 2896 1311 2972 similibus,
1337 2897 1364 2960 si

220 2998 397 3081 specierum
430 3003 515 3075 sunt,
540 2999 608 3063 sine
632 3000 697 3064 ullo
727 3004 818 3064 aestu
848 3000 1056 3065 dubitationis
1090 3021 1270 3086 agnoscere.
1303 3003 1365 3066 nisi

218 3106 299 3170 sorte
336 3105 473 3188 aliquem
516 3109 636 3184 mouet,
675 3106 942 3188 quemadmodum
983 3109 1072 3190 loqui
1113 3110 1276 3196 potuerint
1312 3110 1365 3174 uel

218 3214 402 3294 loquentem
426 3212 623 3297 intellegere,
650 3214 788 3296 quinon
813 3215 990 3279 didicerant
1010 3217 1062 3279 uel
1092 3215 1261 3282 crescendo
1285 3216 1367 3281 inter
1385 3234 1412 3274 as

220 3320 389 3402 loquentes
420 3320 475 3383 nel
507 3320 613 3401 aliquo
646 3321 849 3404 magisterio;
886 3323 977 3404 quasi
1008 3341 1161 3406 maguum
1188 3322 1285 3386 fuerit
1308 3323 1366 3388 deo

221 3425 310 3508 loqui
344 3445 398 3490 eos
432 3425 553 3503 docere,
579 3446 658 3509 quos
681 3427 727 3490 ita
749 3427 877 3502 fecerat,
902 3430 939 3491 ut
962 3428 1022 3493 hoc
1049 3431 1181 3510 possent
1208 3428 1303 3492 etiam
1328 3430 1366 3492 ab

221 3532 403 3597 hominibus
428 3531 558 3608 discere,
583 3533 610 3596 si
635 3537 743 3598 essent
765 3553 784 3596 a
807 3533 934 3615 quibus.

259 3742 323 3794 aet
341 3757 393 3795 om.
412 3741 476 3809 Eup
566 3741 746 3810 pribationein
764 3742 804 3796 E¹
860 3743 1112 3812 3adpellamusS
1163 3743 1368 3812 dloquendob

223 3829 493 3898 dquemammodum
511 3829 543 3883 E
598 3830 769 3899 iinerpertu
787 3831 859 3900 Eup.
914 3831 1146 3886 Bdebitationem
1164 3831 1203 3887 E¹
1262 3833 1369 3903 9quis]

224 3918 284 3986 quis
307 3919 379 3971 enim
401 3919 473 3987 Eup.
582 3917 755 3973 adherescere
780 3919 860 3974 ΕΗΒ
950 3921 984 3974 10
1007 3922 1149 3975 minitatus
1173 3920 1287 3976 Pnsod
1296 3921 1368 3990 Eup.

225 4006 255 4059 ll
276 4005 430 4057 huiusmodi
450 4005 616 4074 PthEup
706 4008 740 4061 14
759 4006 921 4062 debitebant
939 4008 1007 4062 E¹P
1097 4010 1128 4064 18
1152 4009 1324 4062 ammissuros
1342 4009 1371 4064 R

226 4095 258 4147 19
277 4095 417 4163 potuerint
436 4097 464 4160 (u
479 4111 500 4148 s.
515 4094 531 4149 l.
546 4112 579 4148 oi.
596 4097 621 4160 1)
633 4094 697 4150 138²
714 4100 862 4165 potueruut
880 4097 951 4166 Eup.
991 4097 1025 4152 20
1037 4098 1230 4166 intellegerent
1248 4100 1292 4167 (nt
1310 4114 1369 4167 cup.

225 4200 259 4235 m.
281 4183 346 4248 ηδ
436 4187 465 4235 et
482 4183 521 4240 R¹
606 4185 640 4237 22
660 4191 725 4238 ante
743 4201 812 4254 quae
833 4202 892 4255 cap.
914 4186 963 4240 Xll
984 4188 1014 4241 E
1102 4188 1285 4258 pribationum
1304 4187 1372 4242 E¹P

227 4286 257 4322 ox
276 4269 371 4324 συιδ
440 4271 463 4323 si
481 4287 503 4326 s.
519 4271 535 4326 1.
550 4272 649 4325 mhi
702 4273 845 4343 23nestu]
866 4275 983 4328 extuE¹
1042 4277 1076 4329 24
1095 4275 1374 4346 quemammodumE

227 4359 262 4410 ‘25
281 4357 451 4428 intellegere]
471 4359 597 4413 intellere
616 4361 639 4415 S
691 4362 726 4415 26
746 4361 808 4433 deo]
830 4362 862 4416 de
882 4379 913 4416 eo
933 4363 955 4417 8
