3159 4950
439 484 482 541 dc
510 488 655 541 Genesi
683 486 935 541 ad'IIttera'm
963 488 1029 541 lib.
1057 486 1117 541 XII.
1285 490 1350 553 399

200 681 262 747 non
285 680 454 765 intellegit,
480 680 535 762 qui
557 678 645 744 aliud
669 678 817 762 opinatur
840 696 935 761 quam
959 680 1018 753 est,
1037 682 1103 755 aut,
1128 678 1156 745 si
1179 680 1349 763 intellegit,

200 788 350 854 continuo
373 806 486 853 uemm
509 790 569 853 est.
594 784 671 869 quid
693 786 777 850 enim
800 785 919 849 faciant
942 786 1026 851 oculi
1047 805 1108 851 nou
1127 786 1254 863 habeut,
1275 806 1348 853 cum

184 896 304 961 -simile
336 896 452 978 ‘corpus
483 893 632 970 uiderint,
657 892 742 975 quod
765 894 804 959 ab
829 893 891 958 alio
920 892 1096 958 discernere
1125 895 1348 975 nonpossint,

199 1006 256 1067 aut
287 1000 364 1085 quid
395 1001 493 1065 faciat
523 1001 621 1065 animi
652 1000 798 1075 intentio,
833 1018 905 1064 cum
938 1000 970 1064 in
1003 1000 1118 1083 spiritu
1134 1000 1231 1092 'lacta
1253 1000 1350 1066 fuerit

168 1109 339 1192 ecorporis
368 1107 555 1185 similitudo,
585 1126 681 1189 quam
708 1126 770 1172 non
799 1107 906 1171 ualeat
933 1106 1128 1191 distinguere
1157 1126 1175 1171 a
1208 1125 1347 1190 corpore.

199 1216 257 1280 sed
289 1214 457 1279 adhibetur
486 1214 671 1279 intellectus
699 1232 865 1297 quaerens,
895 1212 971 1296 quid
999 1214 1055 1277 illa
1088 1213 1269 1297 significent
1295 1214 1348 1279 uel

198 1322 279 1387 utile
307 1321 450 1398 doceant,
487 1323 521 1385 ot
552 1324 608 1385 aut
634 1320 799 1386 inueniens
832 1320 872 1385 ad
904 1320 1044 1385 fructum
1077 1338 1171 1385 suum
1203 1320 1348 1403 peruenit

200 1432 339 1494 autnon
361 1427 526 1492 inueuicus
549 1428 581 1491 in
611 1426 841 1511 disceptatione
866 1446 900 1493 se
924 1430 1021 1506 tenet,
1046 1446 1084 1492 ue
1113 1428 1219 1510 aliqua
1245 1428 1347 1510 perni-

200 1536 288 1601 ciosa
309 1534 487 1601 temeritate
509 1535 694 1617 prolabatur
715 1534 748 1599 in
773 1534 967 1599 exitiabilem
991 1552 1136 1599 onorem.

154 1664 181 1703 ιο
241 1640 368 1707 Iudicat
398 1644 505 1707 autem
538 1642 664 1707 sobrius
695 1642 881 1707 intellectus
904 1640 1058 1706 diuinitus
1092 1639 1232 1718 adiutus,
1266 1660 1345 1723 quae

197 1749 251 1813 nel
273 1752 392 1831 quanta
414 1748 488 1827 sint,
512 1749 545 1813 in
569 1749 686 1832 quibus
714 1750 811 1813 etiam
840 1748 927 1813 aliud
954 1752 1066 1832 putare
1090 1766 1184 1831 quam
1210 1750 1344 1814 estnon

197 1855 241 1920 sit
271 1856 395 1920 animae
425 1856 651 1938 perniciosum.
683 1875 787 1939 neque
816 1856 900 1921 enim
929 1854 1111 1938 putantium
1140 1854 1281 1937 periculo
1314 1859 1346 1920 et

197 1981 258 2027 nou
281 1961 389 2045 potius
413 1962 508 2027 exitio
532 1982 590 2027 suo
615 1962 751 2045 quisque
773 1982 793 2026 a
815 1961 906 2027 bonis
929 1964 1062 2045 putatur
1083 1962 1197 2039 bonne,
1219 1961 1345 2027 etiamsi

197 2068 342 2133 occultus
374 2069 420 2133 sit
449 2070 564 2146 malus,
598 2068 626 2133 si
657 2069 688 2133 in
722 2069 816 2133 rebus
844 2069 934 2151 ipsis,
957 2068 990 2133 id
1019 2072 1069 2133 cst
1096 2068 1126 2132 in
1155 2069 1225 2152 ipso
1249 2067 1343 2145 bono,

153 2196 180 2237 a
197 2193 258 2256 quo
281 2174 318 2238 fit
341 2174 476 2257 quiaque
498 2175 613 2254 bonus,
631 2194 693 2239 non
712 2178 843 2251 emetur,
874 2178 930 2239 aut
948 2173 1068 2257 aliquid
1087 2174 1179 2239 obest
1197 2173 1344 2239 omnibus

197 2280 389 2358 hominibus,
414 2282 508 2364 qnod,
528 2302 601 2347 cum
621 2282 791 2360 dormiunt,
811 2300 887 2346 uera
905 2300 1034 2367 corpora
1053 2300 1123 2347 esse
1142 2282 1343 2358 arbitrantur,

197 2406 331 2469 qnorum
363 2388 590 2455 similitudines
622 2390 655 2453 in
687 2389 807 2454 somnis
841 2388 964 2461 uident:
1003 2392 1059 2454 aut
1095 2388 1216 2472 aliquid
1247 2386 1343 2453 Petro

197 2493 310 2571 obfuit,
329 2495 414 2577 quod
437 2497 564 2562 solutus
584 2516 602 2560 a
619 2497 758 2561 uinculis
778 2515 877 2580 seque
897 2496 1009 2581 angelo
1029 2494 1206 2561 deducente
1222 2495 1343 2560 laetum

196 2603 247 2665 est
268 2603 433 2685 repentino
455 2602 620 2681 miraculo,
639 2605 678 2668 ut
694 2605 822 2688 putaret
841 2621 875 2668 se
895 2603 1003 2668 uisum
1021 2601 1140 2680 uidere,
1155 2604 1208 2667 uel
1223 2621 1295 2666 cum
1310 2603 1343 2666 in

152 2734 179 2774 ao
195 2707 365 2772 illaextaei
379 2708 556 2791 respondit:
576 2728 823 2792 nequaquam,
849 2710 1007 2798 domtus,
1033 2710 1120 2792 quia
1142 2727 1343 2791 numquam

197 2814 421 2878 manducaui
444 2833 550 2881 omne
570 2835 764 2881 commune
784 2820 822 2882 et
839 2817 1067 2892 inmundum,
1082 2820 1199 2898 putans
1212 2834 1249 2881 aa
1262 2815 1342 2898 ipsa,

198 2938 277 3002 quae
299 2919 332 2984 in
354 2919 442 2986 disco
465 2920 772 3002 demonstrabantur,
797 2927 958 3006 tamquam
981 2942 1058 2988 uera
1080 2923 1237 2988 animalia.
1265 2923 1344 2988 hacc

197 3025 322 3109 qnando
350 3027 442 3092 aliter
466 3028 598 3094 inuenta
623 3029 742 3094 luerint
768 3049 863 3113 quam
891 3033 1003 3113 putata
1031 3033 1119 3108 sunt,
1153 3049 1226 3096 cum
1254 3028 1342 3094 uide-

196 3134 314 3212 rentur,
337 3152 400 3198 uon
423 3153 480 3200 nos
502 3137 645 3217 paenItct
667 3136 713 3200 ita
736 3136 827 3203 nobis
846 3135 1045 3214 fuisseuisa,
1065 3138 1173 3202 sinon
1193 3139 1344 3222 arguatur

153 3267 179 3308 aa
196 3238 251 3303 uel
281 3239 451 3305 infidelitas
483 3240 562 3306 dura
592 3243 646 3306 uel
678 3243 817 3326 opinatio
851 3263 933 3309 uana
965 3245 1034 3310 siue
1066 3245 1230 3328 sacrilega.
1269 3261 1343 3326 qua-

196 3348 326 3428 propter
348 3350 477 3411 etcum
499 3347 580 3414 uisis
604 3351 820 3433 corporalibus
845 3350 991 3417 diabolus
1014 3350 1107 3429 lallit,
1136 3349 1216 3414 nihil
1240 3349 1341 3426 obest,

198 3451 283 3535 quod
314 3452 519 3519 ludificantur
549 3455 645 3534 oculi,
678 3457 706 3522 si
739 3476 801 3521 non
834 3461 955 3522 erratur
981 3458 1013 3522 in
1046 3458 1181 3522 ueritate
1209 3455 1283 3521 fidei
1311 3459 1344 3520 ot

289 3715 322 3768 17
342 3713 375 3769 cf.
393 3715 454 3771 set.
474 3717 516 3781 12,
536 3716 606 3771 7-9
661 3717 696 3771 20
714 3717 774 3772 Act.
796 3720 838 3784 10,
859 3721 964 3774 11-14

235 3873 317 3940 lfia.
331 3874 466 3943 intelligit
483 3873 510 3927 P
544 3874 701 3929 2faciaut?
720 3877 813 3931 oculos
832 3893 885 3931 non
904 3877 1043 3933 babentS
1076 3877 1215 3941 liaciaut
1232 3877 1263 3929 E
1313 3877 1342 3929 iu
1403 3861 1405 3864 ¹

197 3976 250 4015 ooo.
268 3960 324 4015 PR
389 3961 592 4033 5distIngnere
612 3969 642 4032 (n
659 3980 681 4018 s.
701 3964 719 4018 l.
737 3981 772 4018 m.
791 3965 816 4032 1)
835 3965 865 4018 E
927 3965 1007 4019 duel
1025 3965 1104 4035 utile]
1127 3964 1266 4034 nelnd‘dlle
1286 3965 1344 4035 (scd

198 4048 266 4102 dio
282 4053 297 4103 t
313 4053 391 4118 mut.)
411 4049 434 4105 S
498 4051 516 4105 8
535 4050 772 4121 disceptationes„
791 4053 815 4108 S
880 4071 909 4108 se
928 4071 978 4110 om.
999 4055 1023 4110 S
1091 4055 1108 4108 9
1127 4054 1285 4124 prolabatur
1302 4053 1343 4108 E¹

198 4137 365 4193 exiciabilem
383 4139 411 4194 R
502 4141 535 4194 12
554 4142 700 4211 portionum
720 4141 757 4196 P¹
779 4143 958 4213 pernitiosum
976 4141 1028 4199 RS
1114 4143 1213 4212 neque]
1238 4159 1287 4196 uec
1306 4143 1344 4196 bd

200 4227 233 4282 13
251 4227 323 4281 extio
340 4229 369 4283 R
451 4231 483 4283 17
502 4229 592 4284 obfuit
609 4231 699 4301 (offuit
716 4232 753 4301 P)
770 4235 849 4302 petro
867 4233 982 4288 PRde
1062 4233 1095 4287 18
1114 4233 1232 4302 solutus]
1252 4232 1342 4286 soluto

198 4332 227 4370 se
245 4317 283 4371 bd
354 4319 389 4372 20
408 4319 546 4373 cosmato
616 4323 651 4375 24
669 4323 776 4392 penitet
793 4321 824 4376 Ε
839 4323 961 4393 poenitet
979 4322 1045 4378 Rbrl
1148 4325 1297 4393 arguantur
1314 4321 1344 4376 E

198 4405 234 4460 25
252 4406 409 4461 inicdclitas
427 4407 455 4461 P
524 4424 584 4478 cap.
604 4409 708 4464 XXIIII
726 4411 756 4463 It’
