3159 4950
268 501 306 564 16
616 495 643 550 S.
671 493 809 548 Aureli
835 492 1055 564 Augustini

263 693 295 756 in
320 691 382 756 alia
404 693 492 773 parte
516 708 578 755 non
603 692 653 754 est
676 689 754 768 dies,
778 689 835 754 ubi
858 689 1037 772 praesentia
1059 690 1137 754 solis
1162 694 1223 755 est:
1249 689 1312 754 nisi
1333 690 1415 754 sorte

263 797 397 882 poeticis
434 795 594 880 figmentis
628 814 681 860 cor
710 795 928 860 inclinandum
952 798 1011 873 est,
1045 799 1082 860 ut
1114 797 1280 862 credamus
1313 797 1414 860 solem

263 905 342 968 mari
366 923 400 969 εθ
423 903 596 986 inmergere
620 904 715 984 atque
738 901 938 966 indeletum
962 921 998 966 ex
1022 902 1084 966 alia
1115 906 1204 986 parte
1231 921 1323 966 mane
1347 920 1414 966 sur·

264 1029 347 1095 gere.
394 1028 596 1093 quamquam,
622 1007 649 1072 si
671 1008 718 1072 ita
741 1011 836 1086 esset,
861 1008 995 1092 abyssus
1027 1008 1097 1092 ipsa
1127 1010 1306 1091 praesentia
1337 1007 1414 1073 solis

264 1117 497 1194 inlustraretur,
522 1117 615 1196 atque
639 1115 684 1178 ibi
708 1117 795 1180 esset
818 1114 895 1181 dies.
920 1117 1031 1198 posset
1053 1115 1136 1180 enim
1159 1120 1192 1179 et
1214 1134 1312 1198 aquas
1335 1115 1414 1179 inlu·
1450 1144 1465 1182 ε

264 1223 393 1299 minare,
418 1221 541 1305 quando
566 1223 605 1286 ab
629 1221 675 1286 eis
698 1240 761 1286 non
784 1223 894 1304 posset
917 1221 1069 1305 extingui.
1098 1221 1154 1286 sed
1178 1221 1238 1286 hoc
1261 1224 1415 1286 monstro-

266 1350 338 1394 sum
363 1333 412 1394 est
435 1327 600 1411 suspicari.
625 1328 722 1410 quid?
747 1328 831 1410 quod
855 1328 951 1392 etiam
974 1329 1024 1392 sol
1046 1327 1186 1392 nondum
1210 1331 1286 1395 erat.

311 1433 520 1517 Quapropter,
545 1433 573 1497 si
596 1433 748 1517 spiritalis
771 1433 827 1496 lux
849 1433 950 1514 primo
984 1433 1035 1497 die
1057 1433 1143 1497 iacta
1166 1437 1225 1510 est,
1249 1433 1416 1516 numquid-

211 1606 217 1627 Ι
264 1561 337 1606 nam
361 1540 487 1617 occidit,
511 1542 549 1603 ut
572 1540 600 1604 ei
625 1539 809 1605 succederet
831 1542 912 1604 nox?
936 1539 964 1603 si
988 1543 1095 1603 autem
1120 1540 1301 1622 corporalis,
1321 1559 1416 1622 quae·

209 1637 210 1646 ’
264 1665 338 1711 nam
360 1647 418 1710 illa
439 1647 495 1711 lor
519 1649 578 1724 est,
604 1665 698 1729 quam
721 1649 796 1728 post
819 1663 967 1710 occasum
992 1646 1069 1710 solis
1088 1645 1196 1710 uidere
1219 1665 1281 1710 non
1304 1664 1465 1727 posen-10

265 1772 348 1830 mus,
373 1754 447 1835 quia
469 1771 527 1818 nec
558 1752 635 1817 luna
667 1754 733 1817 erat
765 1752 868 1816 adhuc
902 1770 960 1816 nec
993 1752 1117 1834 aliquae
1141 1752 1275 1816 stellae?
1311 1754 1366 1816 aut
1389 1752 1417 1816 si

266 1879 391 1943 semper
413 1860 445 1924 in
469 1878 505 1924 ea
527 1863 616 1942 parte
641 1860 720 1925 caeli
744 1863 803 1937 est,
827 1860 858 1924 iu
884 1878 947 1942 qua
970 1860 1029 1935 sol,
1052 1862 1173 1924 utnon
1195 1859 1417 1936 sitsolislux,

265 1967 323 2032 sed
346 1967 437 2049 quasi
456 1985 562 2033 cornea
586 1966 654 2030 eius
679 1966 781 2030 eidem
805 1966 851 2030 ita
883 1966 1060 2042 coniuncta,
1094 1970 1131 2030 ut
1163 1965 1298 2031 discerni
1330 1967 1418 2030 dino-

266 2074 375 2157 scique
398 2092 459 2138 non
483 2073 595 2154 possit,
620 2072 660 2136 ad
692 2072 824 2137 eandem
851 2072 972 2136 reditur
1004 2071 1224 2137 difficultatem
1248 2072 1418 2138 soluendae

265 2180 361 2244 huius
386 2179 591 2261 quaestionis,
616 2179 690 2261 quia
714 2181 746 2242 et
768 2179 832 2243 ista
853 2178 907 2242 lux
931 2179 1042 2242 eodem
1065 2177 1242 2261 modoque
1267 2180 1316 2243 sol
1338 2183 1418 2242 tam·
1437 2211 1465 2248 ιε

266 2305 361 2368 quam
385 2304 490 2351 comes
515 2285 641 2349 eiusab
667 2305 781 2350 occasu
804 2286 837 2349 in
862 2287 967 2350 ortum
991 2284 1179 2349 circumiens
1203 2285 1286 2350 redit
1313 2288 1345 2348 et
1368 2287 1418 2349 est

266 2392 297 2456 in
322 2392 384 2456 alia
406 2395 493 2475 parte
516 2391 637 2470 muudi,
663 2410 725 2475 quo
749 2394 891 2475 tompore
924 2410 996 2475 pars
1029 2391 1101 2468 ista,
1135 2392 1168 2455 in
1200 2411 1263 2475 qua
1295 2411 1417 2457 sumus.

266 2500 458 2565 tenebrescit
480 2501 512 2564 in
535 2504 671 2565 noctem.
696 2519 818 2582 exque
843 2500 939 2584 cogit,
963 2501 1048 2582 quod
1071 2500 1165 2577 absit,
1189 2500 1221 2564 iu
1244 2520 1308 2566 una
1329 2503 1418 2583 parte

267 2607 392 2671 credere
417 2606 510 2669 deurn
530 2606 640 2684 fuisse,
662 2625 756 2689 quam
775 2609 897 2689 partem
915 2608 969 2670 lux
986 2607 1051 2670 ista
1069 2606 1238 2685 desereret,
1255 2609 1293 2671 ut
1310 2612 1418 2690 posset

269 2713 298 2776 ei
320 2731 453 2795 uespera
476 2713 553 2777 fieri.
578 2732 615 2776 an
639 2712 720 2777 forte
744 2712 776 2776 in
800 2731 838 2776 ea
859 2715 949 2795 parte
972 2713 1078 2777 lucem
1101 2714 1191 2791 ferat,
1215 2714 1247 2778 in
1273 2733 1337 2797 qna
1354 2716 1416 2779 fac·
1433 2742 1465 2781 ιο

266 2821 358 2883 turus
378 2822 445 2883 erat
468 2819 639 2897 hominem,
664 2822 696 2883 et
727 2820 810 2897 ideo,
836 2838 908 2883 cum
942 2820 980 2883 ab
1011 2819 1083 2901 ipsa
1109 2824 1196 2903 parte
1225 2822 1279 2885 lux
1303 2820 1418 2885 disces-

268 2926 373 3002 sisset,
397 2944 531 3007 uespera
553 2925 637 2989 iacta
661 2924 785 3004 dicitur,
811 2926 907 2990 etiarn
932 2944 1005 2991 cum
1028 2927 1060 2991 in
1086 2927 1148 2990 alia
1176 2930 1264 3009 parte
1286 2928 1341 2991 lux
1363 2928 1420 2992 illa

268 3034 364 3109 esset,
389 3050 469 3113 quae
492 3032 565 3096 inde
590 3032 789 3109 discesserat,
815 3052 907 3097 mane
938 3036 1083 3097 exortura
1104 3036 1232 3116 peracto
1258 3034 1418 3099 circuitu?

315 3139 365 3204 ll.
391 3138 436 3203 Ut
458 3138 535 3220 quid
559 3157 632 3222 ergo
656 3137 760 3203 factus
785 3141 836 3202 est
859 3139 907 3203 soi
929 3139 962 3203 in
985 3140 1180 3222 potestatem
1203 3139 1277 3219 diei,
1299 3141 1352 3221 qui
1371 3140 1417 3203 lu-

268 3248 353 3309 ceret
377 3263 471 3327 super
493 3248 620 3324 terram,
654 3244 682 3309 si
709 3244 763 3308 lux
795 3245 851 3309 illa
884 3245 947 3309 diei
970 3244 1114 3311 faciendo
1138 3246 1314 3325 suffecerat,
1339 3266 1460 3329 quaers

359 3417 394 3470 24
413 3418 445 3471 ci.
466 3418 511 3472 Ρε.
531 3418 591 3478 135,
612 3418 628 3471 8

307 3522 424 3577 lelium
443 3526 548 3593 partem
563 3524 602 3577 E¹
639 3522 798 3594 spossus
868 3528 896 3577 et
914 3541 934 3578 ε,
956 3526 973 3577 l.
993 3526 1098 3579 m.lP
1134 3525 1315 3596 6possitS-
1344 3544 1419 3580 nron·

268 3612 396 3681 strosurn]
412 3615 613 3666 monstruosum
634 3616 643 3667 i
644 3629 689 3681 pr.
710 3630 726 3665 u
745 3630 767 3669 ε.
789 3613 807 3668 ῖ.
827 3630 861 3667 m.
880 3615 905 3680 l)
922 3613 956 3680 P,
976 3613 1065 3668 SRbd
1101 3614 1217 3684 iquid?
1232 3614 1316 3685 quod]
1330 3615 1420 3668 memb

268 3698 334 3768 quid
354 3699 427 3770 quod
447 3700 529 3753 etiarn
544 3701 624 3769 perd.
645 3702 736 3755 lincol.
755 3719 789 3755 m.
810 3703 827 3754 2
846 3702 897 3755 dcl.
917 3702 945 3757 R
999 3701 1016 3755 8
1036 3702 1080 3756 die
1099 3718 1119 3757 a.
1140 3702 1157 3758 i.
1176 3720 1212 3756 m.
1234 3708 1246 3760 l
1263 3704 1291 3757 P
1342 3720 1420 3757 num·

269 3788 397 3858 quinnam
416 3788 456 3842 Ει
510 3789 572 3842 9θί
592 3788 663 3843 cr.S
735 3807 868 3860 quaenam
888 3791 961 3861 (nam
979 3808 999 3847 a.
1021 3792 1038 3847 l.
1057 3808 1091 3847 m.
1111 3793 1184 3857 2)Ε
1236 3794 1267 3846 ll
1289 3791 1421 3862 aliquali

270 3878 303 3930 13
322 3876 409 3930 eidem
430 3882 456 3943 (e
474 3876 536 3931 iecit.
555 3892 577 3930 s.
600 3870 617 3931 ῐ.
635 3894 670 3932 m.
691 3878 761 3946 1)Ρ
797 3881 831 3933 14
849 3879 894 3948 ad]
916 3883 945 3934 et
963 3879 998 3933 ad
1018 3882 1057 3947 (et
1077 3880 1142 3937 add.
1161 3897 1197 3936 m.
1217 3881 1288 3947 2)Ε
1323 3883 1357 3936 16
1372 3883 1420 3935 cir·-

268 3964 360 4019 cuiens
380 3966 409 4019 Ε
431 3966 591 4027 circumiens
610 3966 643 4021 8¹
716 3966 750 4021 18
773 3967 957 4021 tenebraeacit
975 3968 1002 4021 P
1074 3968 1248 4039 quodplquod
1273 3972 1329 4037 (pr.
1350 3970 1423 4040 qnod

267 4052 299 4105 in
316 4052 371 4119 fiac
388 4068 459 4107 acro.
479 4070 538 4123 exp.
558 4070 592 4108 m.
615 4057 640 4121 1)
662 4054 688 4107 P
741 4056 773 4109 19
793 4056 901 4109 credere
920 4073 971 4111 om.
986 4055 1025 4111 E¹
1097 4059 1186 4128 possit
1206 4058 1244 4114 Sd
1262 4074 1343 4128 posse
1356 4059 1423 4116 P¹R

268 4140 303 4194 20
322 4157 381 4195 earn
400 4146 504 4213 partam
525 4143 563 4197 Ε1
653 4144 680 4209 ip
701 4144 811 4213 qpa'in
831 4160 884 4215 qua
905 4146 960 4212 (pr.
981 4146 1008 4198 in
1030 4147 1133 4215 quain
1151 4148 1288 4214 fiscwere
1306 4164 1367 4217 ηρ.
1386 4165 1421 4201 m.

271 4226 340 4294 DS
411 4230 877 4301 alluxulorillaoap.oa1)s
946 4233 1109 4289 decessisset
1127 4232 1205 4289 SR²b
1273 4234 1308 4288 22
1328 4238 1357 4288 et
1376 4251 1422 4289 ue·

269 4318 415 4385 speraPR
488 4320 570 4373 aliam
589 4321 745 4390 partean¹
801 4322 835 4375 23
855 4323 1020 4376 exoriturab
1093 4323 1238 4377 circuitui)
1293 4322 1328 4377 25
1348 4322 1423 4379 dieu

269 4405 407 4461 sufficerat
425 4406 486 4463 S¹R
