3159 4950
265 503 332 565 480
433 500 460 553 S.
484 500 598 553 Aureli
621 498 804 571 Augustini
826 499 867 552 de
891 498 1013 553 Genesi
1036 497 1077 553 ad
1099 499 1252 553 litteram

264 694 463 779 intellegitur
498 693 653 776 quidquid
689 694 771 758 inira
807 694 992 758 aethereum
1029 692 1155 757 eaelum
1191 694 1253 771 est
1285 693 1318 757 in
1350 711 1411 774 quo

263 804 378 883 pacata
405 804 438 864 et
459 800 550 865 firma
572 804 648 865 sunt
671 799 786 877 omnia,
810 798 998 863 mutabilius
1026 816 1098 863 esse
1125 800 1159 863 et
1180 798 1411 864 dissolubilius.

264 906 350 990 quod
364 926 466 991 genus
480 906 653 991 corporalis
667 907 820 971 materiae
835 907 909 969 ante
923 908 1087 988 aooeptam
1101 904 1242 987 speeiem
1257 904 1412 969 distinoti-

263 1031 421 1095 onemque
457 1013 641 1092 formarum,
669 1032 688 1077 a
719 1032 782 1097 qua
819 1012 879 1077 sub
915 1010 1115 1076 firmamento
1151 1011 1315 1076 nominata
1352 1012 1411 1085 est,

265 1119 393 1184 luerunt
423 1120 477 1202 qui
510 1119 673 1184 crederent
704 1118 761 1183 has
793 1118 941 1184 uisibiles
973 1137 1072 1201 aquae
1104 1122 1138 1183 et
1167 1118 1301 1203 frigidas
1333 1122 1413 1186 oaeli
1443 1143 1456 1182 e

263 1226 464 1309 superficiem
484 1226 741 1310 superamplecti.
757 1230 790 1290 et
804 1225 1033 1291 documentum
1051 1224 1199 1291 adbibere
1217 1227 1324 1292 eonati
1339 1230 1413 1292 suut

266 1333 305 1398 de
327 1333 476 1398 tarditate
496 1334 609 1399 stellae
627 1332 723 1398 unius
742 1332 781 1397 de
801 1335 926 1416 septem
943 1330 1147 1416 uagantibus,
1167 1350 1248 1414 quae
1271 1334 1414 1416 superior

265 1444 317 1505 est
340 1442 453 1506 ceteris
477 1443 510 1505 et
533 1460 551 1504 a
574 1438 705 1507 Graecis
729 1436 853 1502 Φσὶνων
876 1438 995 1505 dieitur
1017 1441 1051 1504 et
1072 1438 1205 1522 triginta
1227 1440 1319 1505 anuis
1346 1458 1413 1524 per-

266 1547 335 1631 agit
353 1545 539 1631 signiferum
559 1546 725 1623 cuculum,
744 1549 781 1610 ut
800 1546 840 1611 ob
858 1545 922 1611 boo
939 1544 1029 1610 tarda
1046 1545 1100 1623 sit,
1120 1545 1195 1627 quia
1216 1548 1267 1611 est
1288 1545 1412 1631 frigidis

264 1655 357 1737 aquis
389 1653 535 1731 uitiator,
563 1671 643 1735 quae
676 1672 772 1735 supra
805 1652 929 1717 eaelum
958 1654 1043 1716 sunt.
1072 1670 1152 1733 quae
1176 1652 1282 1735 opinio
1304 1653 1412 1719 neseio
1430 1676 1455 1714 xo

267 1760 532 1843 quemadmodum
556 1758 661 1842 possit
683 1758 768 1841 apud
790 1777 845 1823 eos
869 1757 1006 1835 defendi,
1030 1758 1086 1841 qui
1113 1758 1325 1825 subtilissime
1350 1760 1414 1824 ista

267 1866 480 1947 quaesierunt.
499 1864 580 1929 nibil
598 1868 704 1929 autem
723 1864 838 1929 horum
856 1868 977 1929 temere
996 1862 1226 1929 adfirmandum
1244 1864 1302 1930 sed
1320 1868 1412 1930 eante

265 1970 373 2037 omnia
395 1969 602 2052 modesteque
625 1970 788 2035 tractanda
810 1973 895 2036 sunt.

314 2078 360 2141 Et
393 2076 490 2141 dixit
522 2075 634 2141 deus:
667 2075 739 2141 fiat
770 2076 1051 2141 firmamentum
1082 2077 1119 2141 in
1147 2077 1270 2143 medio
1295 2096 1411 2160 aquae

269 2188 305 2247 et
343 2184 394 2247 sit
431 2181 608 2248 diuideus
645 2182 745 2247 inter
781 2203 913 2265 aquam
950 2188 987 2247 et
1018 2201 1161 2266 aquam.
1193 2188 1231 2250 et
1262 2184 1318 2249 sie
1354 2186 1453 2249 estu

266 2290 419 2355 foetum.
453 2292 622 2373 postquam
654 2290 751 2354 dixit:
785 2290 841 2355 sie
874 2292 932 2354 est
964 2290 1116 2367 factum,
1140 2290 1218 2373 quid
1240 2308 1323 2373 opus
1346 2293 1412 2355 erat

267 2416 395 2461 rursum
419 2395 547 2462 addere:
582 2400 618 2461 et
650 2395 743 2461 feeit
776 2396 867 2462 deus
899 2396 1182 2461 firmamentum
1212 2402 1248 2462 et
1276 2396 1411 2461 diuisit

266 2505 366 2569 inter
390 2523 521 2587 aquam
546 2523 638 2587 quae
663 2508 743 2568 erat
763 2505 831 2570 sub
851 2505 1089 2569 firmamento
1110 2506 1148 2569 et
1165 2524 1299 2588 aquam
1318 2523 1410 2587 quae

267 2614 348 2675 erat
370 2630 484 2694 supra
506 2611 813 2676 firmamentum?
836 2630 910 2674 nam
934 2630 1007 2675 oum
1031 2611 1163 2677 dixisset
1185 2611 1351 2695 superius:
1375 2615 1411 2675 et

269 2717 366 2781 dixit
389 2717 498 2783 deus:
523 2718 595 2782 siet
617 2718 692 2782 lux.
718 2720 755 2783 et
777 2717 881 2782 saeta
903 2720 961 2783 est
978 2717 1050 2793 lux,
1072 2736 1134 2782 uon
1149 2705 1274 2783 addidit
1285 2737 1409 2782 rursus:
1426 2739 1452 2778 rr

267 2827 301 2888 et
322 2823 398 2888 feeit
421 2823 499 2889 deus
521 2825 643 2898 luoem;
668 2824 721 2889 hie
744 2827 852 2888 autem
874 2827 1082 2908 posteaquam
1106 2823 1185 2888 dixit
1207 2824 1306 2889 deus:
1329 2824 1409 2888 fiat.

268 2934 305 2994 et
338 2929 395 2995 sio
428 2933 486 2994 est
517 2930 671 3006 factum,
696 2929 842 2995 additum
866 2933 934 2995 est:
968 2934 1004 2996 et
1025 2930 1121 2994 feeit
1148 2930 1250 2996 deus.
1275 2949 1314 2994 an
1336 2929 1410 2993 hino

266 3035 396 3119 adparet
419 3055 480 3101 nou
504 3041 648 3118 oportere
670 3037 760 3101 illam
778 3038 885 3102 lucem
901 3037 1047 3121 intellegi
1065 3029 1270 3120 corporalem,
1287 3055 1327 3100 ue
1341 3054 1410 3101 eam

265 3142 373 3225 aliqua
387 3145 529 3206 ereatura
542 3141 730 3225 interposita
744 3141 823 3207 deus
838 3143 952 3207 secisse
970 3142 1118 3206 uideatur
1130 3181 1176 3190 —
1190 3142 1285 3208 deum
1304 3145 1409 3207 autem

265 3248 440 3312 trinitatem
465 3247 535 3312 dieo
559 3285 613 3326 -‚
637 3247 698 3312 hoo
721 3266 797 3312 uero
820 3247 1056 3313 firmamentum
1084 3249 1174 3327 caeli,
1204 3248 1280 3332 quia
1302 3267 1409 3332 ooxpo-
1427 3274 1452 3314 u

162 3345 165 3352 ’
264 3373 352 3418 reum
387 3356 446 3431 est,
474 3373 529 3436 per
559 3353 774 3436 incorpoream
799 3359 976 3420 ereaturam
998 3357 1159 3440 accepisse
1187 3355 1327 3438 speeiem
1348 3355 1409 3419 for-

356 3580 389 3633 14
409 3577 475 3635 Gen.
496 3581 521 3642 1,
541 3579 565 3632 6.
586 3582 600 3634 l

303 3702 448 3773 lcaelum]
469 3702 555 3756 celum
574 3703 661 3758 celum
680 3703 706 3756 V
751 3704 822 3773 2et]
837 3703 996 3774 atqueLbd
1064 3705 1173 3758 firmata
1186 3704 1250 3758 Lbd
1319 3707 1409 3758 muta·

265 3792 346 3847 bilius
365 3807 417 3846 om.
435 3791 472 3846 M
540 3791 720 3846 diormatum
740 3793 777 3846 bd
847 3793 897 3846 sub
916 3809 967 3847 one.
987 3790 1087 3847 utto
1156 3793 1355 3847 firmamentum
1374 3791 1410 3846 bd

265 3883 432 3936 nominatum
452 3881 490 3936 bd
552 3879 754 3950 teuperfieiem
775 3881 844 3935 coeli
866 3881 989 3935 TMLbd
1046 3881 1180 3935 ssbabexe
1198 3880 1260 3938 ML
1331 3881 1409 3936 dest

262 3987 316 4025 orn.
341 3969 441 4024 TMLb
532 3969 666 4024 aom.V
754 3970 836 4025 fenon
858 3970 1041 4041 VT¹pheton
1060 3970 1121 4024 ML
1139 3969 1277 4044 φαετωνὸ
1342 3972 1410 4026 sut

262 4058 357 4114 om.L
429 4057 565 4112 trurdaV
635 4059 742 4128 frigidis
757 4061 779 4128 (i
792 4060 982 4127 berwaldi
1034 4061 1067 4114 13
1079 4064 1144 4114 sunt
1156 4057 1299 4114 unomnds
1310 4059 1411 4114 muto

267 4149 299 4203 15
318 4147 420 4201 factum
440 4149 482 4200 est
501 4147 599 4201 MLbd
667 4149 699 4202 17
719 4147 800 4202 adere
818 4147 845 4200 L
911 4149 945 4201 20
965 4148 1043 4204 addit
1066 4147 1090 4200 Γ
1160 4163 1265 4202 rursum
1288 4147 1411 4202 TrllLbd

263 4237 298 4290 21
319 4239 461 4305 postquam
482 4235 497 4289 b
547 4241 612 4302 poet
631 4234 699 4288 dixit
715 4235 858 4288 inaestuant
878 4239 906 4289 et
924 4235 992 4289 dixit
1009 4236 1047 4290 bd
1081 4235 1117 4290 22
1134 4235 1237 4290 iactum
1256 4239 1298 4289 est
1311 4233 1410 4289 MLbd

265 4325 299 4378 23
318 4323 405 4378 lucem
425 4323 499 4376 illam
519 4323 577 4392 (illa
594 4323 630 4381 L)
654 4322 777 4376 TMLbcl
866 4324 901 4376 ‘24
922 4323 1019 4378 fecisse
1043 4323 1109 4378 deus
1127 4324 1192 4379 Lbd
1278 4325 1314 4377 25
1333 4323 1408 4393 uero]

264 4415 357 4466 autem
377 4413 392 4466 b
466 4413 632 4481 corporeum]
653 4428 789 4481 eorporem
808 4411 835 4464 L
