3159 4950
434 511 477 567 de
506 512 650 568 Genesi
678 513 722 566 ad
750 511 934 568 litteram
961 511 1026 568 lib.
1052 513 1102 568 llI.
1297 517 1338 582 73

183 727 264 793 aqna
292 709 419 775 scilicet
446 711 601 788 attona,
636 729 699 775 uno
734 712 842 774 autem
876 709 1089 792 superposito,
1118 710 1150 775 id
1184 713 1234 776 est
1265 711 1339 795 igne

183 816 305 882 sidereo
332 849 378 864 -—
406 814 641 881 distribuuntur
673 815 757 880 enirn
790 815 948 880 elementa
975 815 1016 880 ad
1046 816 1233 899 patiendum
1257 815 1335 884 duo:

183 923 299 988 humor
312 925 346 986 et
359 922 488 1000 humus,
504 921 543 987 ad
559 922 741 988 faciendum
760 927 868 990 autem
888 923 952 987 alia
971 922 1050 989 dno:
1067 941 1120 989 aer
1135 928 1168 989 et
1181 924 1265 1009 ignis
1279 947 1337 990 -ε

185 1030 213 1095 si
245 1048 320 1114 ergo
353 1028 432 1094 baec
464 1029 510 1094 ita
542 1032 628 1109 sunt,
662 1047 723 1093 non
756 1029 881 1112 inpedit
907 1029 971 1094 ista
999 1029 1162 1096 distinctio
1196 1035 1336 1097 nostram

152 1135 386 1220 sscripturam
410 1153 490 1218 quae
514 1154 576 1202 nou
601 1155 638 1200 er
661 1153 744 1212 aere,
768 1132 885 1201 seder
913 1136 1005 1219 aquis
1032 1135 1189 1221 producta
1214 1137 1336 1204 iudicat

183 1242 340 1321 uolatilia‚
364 1242 440 1326 quia
468 1242 647 1309 subtilioris
675 1242 805 1326 quidem
834 1246 868 1308 et
893 1242 926 1306 in
954 1261 1047 1308 auras
1076 1243 1212 1309 exhalati
1240 1247 1335 1328 atque

184 1348 327 1428 distenti,
351 1348 410 1414 sed
432 1353 541 1416 umen
568 1349 713 1416 humoris
740 1351 832 1416 locus
860 1349 1047 1416 uolatdibus
1072 1349 1165 1416 datus
1189 1355 1249 1417 cst.
1284 1369 1337 1417 aer

184 1459 292 1520 autem
315 1473 334 1518 a
357 1455 492 1521 confinio
516 1455 671 1522 luminosi
693 1455 775 1521 caeli
798 1473 900 1540 usque
924 1455 964 1520 ad
988 1475 1138 1540 aquarum
1159 1457 1281 1522 fluuide
1304 1462 1336 1524 et

186 1559 272 1625 nuda
294 1564 449 1626 terrarum
472 1563 627 1646 peruenit.
664 1581 728 1628 non
755 1564 862 1627 tamen
890 1563 996 1627 toturn
1026 1563 1165 1646 spatium
1193 1564 1262 1630 eius
1286 1585 1334 1630 er-

143 1689 166 1729 n
182 1667 361 1734 halationes
384 1667 534 1734 humidae
556 1669 729 1747 infuscant,
754 1668 811 1734 sed
835 1685 936 1752 usque
960 1668 1001 1733 ad
1024 1687 1096 1735 eum
1120 1670 1226 1750 finem,
1250 1671 1333 1737 uude

183 1774 298 1858 incipit
328 1775 391 1840 iam
423 1779 508 1840 terra
539 1775 695 1842 nominari
731 1775 908 1842 secuudum
943 1777 1037 1842 illum
1070 1779 1244 1861 psalmum,
1277 1780 1332 1844 ubi

185 1881 320 1947 dicitur:
354 1882 510 1947 laudate
544 1882 734 1948 dominum
763 1883 806 1948 de
838 1885 947 1948 terra.
986 1883 1130 1966 superior
1156 1903 1231 1951 uero
1259 1905 1331 1970 pars

184 1987 265 2055 aeris
292 1992 421 2074 propter
452 2007 563 2073 puram
598 1989 864 2071 tranquillitatem
897 1989 995 2068 caelo,
1025 1989 1077 2056 cui
1104 1992 1330 2070 committatur,

185 2098 347 2162 communi
377 2115 456 2181 pace
488 2096 691 2181 coniungitur
718 2099 752 2161 et
776 2095 847 2161 eius
874 2096 1032 2162 uocabulo
1060 2103 1331 2183 connuncupatur.

143 2223 166 2261 o
185 2201 216 2266 in
245 2221 307 2286 qua
336 2202 482 2268 fortassis
510 2206 599 2286 parte
628 2202 657 2268 si
683 2201 812 2268 bienmt
835 2205 908 2268 aute
930 2203 1214 2289 transgressionem
1240 2223 1330 2271 suam

184 2311 436 2393 transgressores
469 2310 574 2393 augeli
606 2328 680 2375 oum
707 2309 848 2393 principe
877 2328 946 2388 suo,
978 2329 1062 2376 nunc
1089 2310 1226 2390 diabolo,
1252 2315 1329 2378 tunc

116 2499 118 2502 Ι
183 2415 374 2501 arclrangolo
397 2453 441 2462 -
463 2434 538 2481 nam
561 2415 705 2482 nonnulli
734 2415 834 2481 nostri
861 2433 923 2481 non
953 2435 1007 2483 eos
1033 2419 1148 2501 putant
1175 2419 1329 2485 caelestes

181 2523 234 2587 uel
256 2524 510 2606 supercaelestes
533 2523 665 2607 angelos
688 2521 788 2588 fuisse
807 2560 861 2601 -,
880 2542 942 2588 uon
961 2524 1088 2601 mirum,
1112 2523 1140 2589 si
1162 2527 1236 2607 post
1258 2544 1328 2609 pec-

182 2632 288 2695 oatum
310 2628 344 2693 in
366 2628 463 2693 istam
487 2631 562 2694 sunt
594 2627 715 2693 detrusi
738 2628 918 2713 caliginem,
947 2629 1002 2695 ubi
1024 2632 1131 2695 tarum
1155 2632 1187 2695 et
1211 2649 1263 2695 aer
1286 2631 1329 2697 sit

141 2756 165 2795 n
181 2738 213 2800 et
239 2735 373 2801 humore
399 2734 490 2801 tenui
517 2738 712 2813 contexatur,
741 2735 796 2818 qui
825 2738 1004 2802 commotus
1032 2739 1146 2801 uentos
1175 2740 1208 2801 et
1233 2737 1327 2801 uehe-

181 2842 320 2907 mentius
335 2842 515 2907 concitatus
530 2842 626 2906 etiam
643 2842 735 2925 ignes
754 2860 791 2906 ac
809 2841 951 2907 tonitrua
970 2844 1002 2907 et
1020 2846 1201 2909 contractus
1220 2844 1329 2909 nubila

181 2952 213 3014 et
236 2948 456 3031 conspissatus
491 2948 635 3032 pluuium
669 2949 701 3014 et
732 2948 976 3033 congelantibus
1008 2950 1127 3015 nubilis
1154 2950 1263 3015 niuem
1295 2954 1328 3016 et

179 3054 398 3120 turbulentius
431 3054 673 3139 congelantibus
706 3055 907 3121 densioribus
935 3056 1054 3122 nubilis
1082 3056 1267 3145 grandinem
1295 3062 1328 3121 et

179 3161 338 3227 distentus
376 3181 522 3227 serenum
558 3162 636 3227 iacit
671 3163 808 3228 occultis
845 3162 988 3247 imperiis
1026 3167 1059 3229 et
1095 3182 1188 3247 opere
1225 3163 1277 3229 dei
1309 3183 1326 3229 a

138 3288 162 3329 a
180 3270 315 3335 summis
339 3270 379 3335 ad
397 3269 507 3335 infima
524 3271 685 3347 uniuersa,
705 3288 785 3353 quae
805 3270 935 3347 creauit,
956 3269 1219 3349 administrantis.
1242 3269 1326 3334 unde

268 3511 303 3566 12
321 3512 366 3567 Ps.
387 3512 445 3577 148,
464 3513 489 3567 7.

215 3634 373 3706 laquasE
422 3634 559 3690 taidereo
572 3637 613 3691 Ε1
685 3636 877 3691 aelemeutaP
929 3636 1037 3707 Rumor
1050 3636 1107 3691 ΕΡ
1177 3638 1273 3691 humus
1287 3637 1323 3691 1³¹

179 3711 269 3780 antem
289 3724 377 3779 ooab
466 3724 570 3779 dhaer
589 3740 653 3795 ergo
672 3724 772 3779 PRSC
860 3724 982 3780 istamS
1073 3723 1212 3779 distinctio
1232 3725 1325 3780 συιδ

179 3813 365 3868 dsubtilioris
382 3814 423 3867 El
530 3814 628 3869 arelati
646 3813 763 3869 E¹RSG
864 3814 1004 3868 tumoris
1022 3812 1050 3867 P
1149 3812 1271 3868 8fluida
1289 3814 1325 3867 bd

179 3902 196 3956 9
218 3903 385 3958 exalationes
403 3901 467 3957 E¹S
488 3902 648 3957 culationis
665 3902 732 3958 PR¹
787 3903 822 3957 10
840 3902 949 3957 umidae
967 3902 1021 3958 PR
1095 3902 1126 3956 ll
1147 3901 1267 3973 inquipit
1285 3902 1323 3955 Ε

180 3990 244 4062 iam]
258 3992 341 4046 etiarn
350 3991 442 4047 Pura
496 3990 529 4044 12
536 3997 603 4063 post
615 3995 689 4046 terra
702 3992 769 4048 odd.
783 3991 913 4047 dracones
922 3990 970 4046 SG
1024 3992 1057 4045 13
1071 3990 1248 4045 collimitatur
1258 3990 1325 4045 ΕΜ

179 4080 371 4135 conliminatur
388 4080 422 4136 8¹
488 4081 529 4135 ‘14
547 4081 721 4152 coniungitur
740 4080 801 4149 (alt.
820 4098 838 4135 n
856 4097 877 4135 a.
898 4080 921 4135 t
934 4096 969 4135 m.
991 4080 1016 4149 1)
1035 4082 1065 4135 E
1139 4079 1197 4134 cius
1215 4095 1267 4134 om.
1285 4078 1323 4133 P¹

179 4169 237 4223 eius
256 4186 305 4224 suo
323 4168 363 4223 Ε
435 4170 567 4224 uocanulo
586 4170 627 4225 Ε
697 4174 871 4241 nuncupatim
888 4168 1003 4225 PRde
1039 4170 1072 4224 lb
1086 4168 1184 4239 irs-qua
1199 4168 1220 4238 (i
1234 4172 1281 4232 cr.)
1296 4170 1326 4223 E

179 4258 213 4311 lo
231 4256 343 4312 diabulo
360 4254 440 4311 Pus
492 4258 526 4311 19
544 4258 638 4328 istam]
655 4258 761 4313 hanob
821 4257 857 4311 20
876 4274 968 4313 umora
986 4257 1041 4313 PR
1114 4273 1174 4313 cnm
1193 4256 1325 4313 motusS

178 4350 277 4401 uentus
289 4346 314 4402 S
323 4348 415 4401 uentis
429 4347 492 4403 13¹0
544 4348 577 4403 21
598 4364 629 4403 ao
648 4348 690 4414 (in
706 4364 763 4403 ras.
781 4364 817 4402 m.
837 4348 865 4416 2)
879 4346 908 4403 R
926 4348 954 4401 et
965 4344 1070 4401 Pn¹eu
1122 4343 1158 4399 22
1176 4346 1271 4417 pluuia
1283 4345 1322 4399 E¹

177 4435 212 4489 23
230 4435 414 4490 turbolentius
433 4434 457 4491 S
526 4437 694 4507 congelantis
712 4436 752 4489 P¹
804 4436 839 4490 25
859 4435 1083 4491 amministrantis
1100 4432 1181 4489 PRO
