3159 4950
375 470 1225 543 operislodenesiodlitteramcapitulo,
1311 474 1374 538 451

294 672 388 731 XXVI
411 673 444 731 In
470 674 605 746 serpente
629 670 763 729 diabolus
786 671 903 729 locutus
927 672 973 729 est
995 672 1080 729 utens
1099 688 1133 730 eo
1152 671 1237 729 uelut
1258 686 1378 744 organo.

162 761 165 765 ’
280 762 388 821 XXVII
410 761 467 819 Hic
495 776 555 819 non
584 759 708 819 dilucido
738 759 864 834 quidem,
894 760 947 818 sed
976 760 1135 833 subaperit,
1165 749 1236 835 quid
1267 760 1315 830 sit,
1345 762 1378 818 ut

409 850 558 909 inludatur
581 850 608 908 ei
632 850 668 909 ab
693 848 808 924 angelis
832 848 889 909 dei.

267 940 391 999 XXVIII
414 939 489 1010 Quid
513 938 561 1009 sit,
587 938 664 1012 quod
689 938 867 997 carminibus
883 938 1044 996 Marsorum
1064 936 1198 996 dicantur
1214 936 1326 997 moueri
1349 940 1378 995 et

192 1046 204 1083 s
412 1029 582 1103 plerumque
607 1027 642 1086 de
666 1026 787 1087 latebris
811 1026 945 1101 prosilire
968 1029 1130 1101 serpentes.

250 1119 390 1177 XXVIIII
412 1116 661 1176 Pmdentissimus
685 1116 781 1175 dictus
806 1118 851 1175 est
872 1132 1004 1191 serpens,
1027 1116 1104 1175 sicut
1123 1114 1253 1192 prudeus
1272 1114 1378 1174 dicitur

413 1206 523 1281 hugus,
551 1224 624 1282 quae
648 1224 666 1263 a
688 1206 830 1281 prudente
858 1208 1000 1277 mouetur,
1029 1204 1115 1263 sicuti
1142 1204 1227 1263 stilus
1255 1204 1379 1263 mendax

414 1296 584 1355 scribamm.

315 1384 391 1444 XXX
414 1385 470 1444 llic
493 1384 526 1442 rit
549 1384 719 1458 conparatio
749 1382 893 1459 serpentis
917 1384 946 1441 et
969 1382 1068 1441 asinae
1083 1383 1185 1441 Balam
1209 1384 1239 1441 et
1261 1382 1377 1452 dicitur,

184 1488 210 1527 ιο
415 1474 492 1549 quod
521 1474 590 1532 honi
619 1476 648 1532 et
675 1472 744 1531 mali
770 1473 867 1547 angeli
893 1471 1003 1531 liabent
1030 1487 1118 1546 opera
1146 1472 1288 1547 quaedam
1317 1470 1378 1545 ple-

418 1580 538 1636 rumque
566 1562 682 1633 similia,
712 1561 788 1621 sicut
810 1562 926 1636 Moyses
955 1565 984 1619 et
1010 1560 1088 1636 magi
1110 1560 1282 1632 Pharaonis,
1311 1561 1380 1619 lieet

417 1652 456 1711 sit
478 1651 643 1710 differentia
665 1654 854 1725 potestatum.

304 1742 396 1801 XXXI
419 1742 544 1815 Serpens
585 1742 745 1816 praemisso
787 1739 938 1799 mendacio
976 1740 1006 1797 in
1044 1738 1204 1814 adpetItum
1244 1738 1379 1814 propriae

415 1829 571 1906 potestatis
593 1830 669 1889 male
694 1830 827 1889 credulos
851 1829 965 1887 suadet

185 1934 210 1971 ιι
289 1920 395 1979 XXXII
419 1918 493 1990 Quid
509 1919 561 1977 sit:
588 1918 748 1978 ederunt.
773 1920 809 1976 et
830 1917 946 1991 aperti
969 1919 1052 1975 sunt
1075 1916 1169 1975 oculi
1192 1916 1379 1976 amborum.

275 2010 396 2069 XXXIII
418 2008 465 2066 Ad
492 2009 547 2067 hoc
575 2007 646 2066 dicit
674 2010 791 2082 apertos
820 2006 930 2077 oculos,
955 2005 1031 2081 quod
1055 2008 1122 2064 ante
1145 2022 1204 2065 non
1227 2006 1377 2081 patebant

262 2099 399 2158 XXXIIII
421 2096 505 2168 Quod
533 2096 665 2156 morbida
693 2098 731 2154 et·
748 2096 897 2155 mortifera
924 2095 1049 2170 qualitas
1072 2094 1202 2169 corporis
1230 2095 1260 2153 et
1285 2098 1380 2155 motus

420 2186 568 2257 indecens,
599 2202 684 2260 quam
712 2186 805 2259 legem
833 2185 1026 2243 membrorum
1055 2184 1126 2243 dicit
1152 2184 1312 2259 apostolus,
1346 2202 1381 2243 ex

421 2274 570 2349 praecepti
593 2272 825 2349 transgressione
848 2275 888 2333 sit
909 2275 1029 2333 tractus.

189 2376 215 2414 20
296 2364 398 2425 XXXV
420 2365 459 2424 Et
485 2364 604 2423 uocauit
632 2362 765 2423 dominus
794 2364 865 2421 deus
888 2362 981 2421 Adam
1014 2362 1193 2437 increpantis
1221 2378 1293 2421 uoce
1320 2378 1380 2421 non

422 2453 573 2528 ignoratis.

283 2544 400 2603 XXXVI
423 2546 623 2618 Interrogatus
637 2541 730 2600 Adam
753 2541 808 2600 ait:
833 2541 964 2611 mulier,
982 2558 1080 2615 quam
1095 2540 1226 2600 dedisti
1240 2557 1379 2611 meeum,

421 2633 506 2691 haec
529 2632 613 2690 milri
638 2631 737 2690 dedit
760 2648 778 2690 a
801 2631 907 2705 ligno,
933 2631 967 2689 et
990 2629 1055 2690 edi.

266 2723 398 2781 XXXVII
421 2723 559 2794 Increpat
581 2721 727 2779 mulierem
752 2737 806 2778 nec
829 2721 895 2794 ipsa
917 2719 1072 2778 confitetur
1092 2722 1255 2794 peccatum.

189 2819 216 2860 ²⁵
252 2813 400 2870 XXXVIII
423 2813 547 2884 Serpens
570 2827 628 2868 non
651 2809 848 2883 interrogatur
866 2826 920 2867 uec
939 2809 1114 2882 increpatur,
1139 2809 1185 2867 cui
1203 2807 1261 2867 iam
1279 2807 1381 2882 paeni·

422 2899 502 2959 tendi
529 2899 611 2959 locus
639 2915 698 2958 non
723 2900 794 2969 orat,
819 2899 871 2958 sed
895 2897 922 2956 ei
944 2897 1043 2956 statim
1066 2894 1248 2957 maledicitur
1270 2897 1382 2957 auctori

421 2988 543 3064 peccati.

234 3079 398 3138 XXXVIIII
421 3078 504 3150 Quod
528 3075 621 3137 omnis
644 3077 728 3135 labor
760 3078 790 3134 et
821 3075 940 3135 tristitia
964 3080 993 3135 et
1015 3076 1139 3150 gemitus
1162 3092 1221 3136 non
1244 3077 1331 3146 esset,
1356 3075 1382 3133 si

422 3183 481 3226 non
503 3171 638 3241 pecasset
659 3167 763 3224 Adam.

191 3263 218 3304 ³⁰
297 3257 398 3314 XXXX
421 3255 501 3315 Dixit
524 3255 607 3314 deus:
633 3271 713 3314 ecce
737 3253 844 3314 Adam
867 3253 985 3314 factus
1015 3257 1069 3313 est
1090 3270 1178 3312 uuus
1201 3271 1241 3313 ex
1263 3247 1380 3313 nobis.

284 3346 401 3404 XXXXI
423 3345 581 3404 Interdicto
605 3343 684 3418 ligno
708 3343 787 3402 uitae
811 3343 965 3402 dimittitur
988 3344 1023 3402 de
1046 3343 1181 3417 paradiso
1205 3343 1309 3402 Adam.

269 3435 401 3493 XXXXH
422 3434 479 3493 Hic
493 3431 690 3509 opinationem
705 3432 885 3508 quorundam
900 3433 984 3507 ponit
997 3433 1033 3491 de
1047 3431 1127 3507 ligno
1143 3433 1244 3492 contra
1257 3432 1380 3490 uetitum

422 3525 512 3596 tacto,
537 3522 589 3582 sed
612 3523 765 3598 suspendit
787 3522 953 3580 adsensum.

253 3613 401 3671 XXXXIII
424 3612 602 3683 Quibusdam
631 3612 724 3671 uisum
753 3613 799 3670 est
826 3611 944 3684 nuptias
972 3627 1040 3670 suas
1069 3627 1118 3669 eos
1145 3609 1236 3670 fuisse
1258 3609 1380 3680 furatos,

193 3704 219 3747 ³⁵
424 3701 476 3760 sed
499 3699 739 3760 incouuenienter
761 3699 871 3758 adserit
893 3699 1011 3758 dictum.

241 3791 404 3849 XXXXIIII
427 3789 564 3862 Quaestio
589 3806 622 3847 ex
645 3805 786 3864 persuasu
809 3788 953 3863 serpentis
977 3791 1006 3847 et
1028 3805 1173 3846 consensu
1195 3788 1287 3848 Adae.

324 3896 533 3972 Explicuemnt
556 3895 692 3970 capitula.
715 3895 859 3971 incipiunt
881 3894 1009 3968 capitula
1028 3893 1098 3954 libri
1121 3891 1293 3954 duodecImi.

411 4004 427 4062 Ι
449 4003 492 4063 De
516 4001 613 4062 uerbis
636 4001 761 4077 apostoli
783 4005 844 4061 tres
868 4002 1052 4076 quaestiones
1075 4001 1157 4060 nasei
1179 4000 1272 4060 solere
1296 3998 1380 4058 dicit:

274 4171 416 4227 ddicatur
471 4172 504 4226 13
523 4173 629 4243 proprie
686 4174 719 4228 16
738 4173 828 4243 equod
878 4173 910 4227 17
931 4189 983 4244 quo
1032 4171 1066 4226 18
1085 4188 1165 4242 quem
1235 4171 1381 4242 legemem-

239 4243 347 4298 brorum
392 4244 427 4299 26
441 4244 476 4315 ei]
494 4243 538 4298 dei
610 4247 704 4298 auctor
752 4245 786 4299 28
801 4245 837 4314 si]
851 4243 905 4298 uisi
954 4244 988 4298 31
1002 4241 1135 4314 paradyso
1185 4242 1219 4296 32
1234 4242 1380 4301 uestitum:

239 4315 575 4442 fnlsccros'mpgssiiffirzrffluncinat
610 4316 645 4372 33
665 4315 723 4386 sed]
742 4333 790 4372 seu
827 4315 989 4371 claustras
1062 4313 1168 4370 furacos
1223 4314 1257 4370 35
1277 4313 1336 4383 sed]
1355 4319 1383 4366 et

1280 4490 1330 4543 29*
