3159 4950
265 484 331 549 492
425 482 452 535 S.
477 480 592 534 Aureli
616 480 804 550 Augustini
830 480 869 534 de
892 479 1016 535 Genesi
1039 479 1080 534 ud
1101 480 1264 535 litteram

266 676 544 760 congregationem
572 694 672 758 aquae
699 674 835 740 sortasse
863 675 1049 758 appellauit,
1079 678 1117 739 ιιι
1145 674 1423 751 mareheret3u1

265 782 308 861 id,
333 782 418 865 quod
440 801 501 849 nou
526 784 765 867 congregatum,
789 781 823 846 id
846 786 897 847 cst
918 802 981 848 non
1010 784 1186 868 spissatum
1215 781 1410 865 superfertur

267 908 349 973 aqua
371 889 424 969 sit,
450 907 530 974 quse
554 908 630 954 unes
653 889 802 956 uolentes
824 890 930 973 possit
952 892 1122 969 sustinere,
1150 890 1279 972 utrique
1302 888 1423 954 nomini

267 994 530 1074 adcommodata,
564 997 603 1059 ut
638 994 747 1060 uocari
784 995 889 1077 possit
925 997 959 1059 et
994 1014 1077 1078 aqua
1113 996 1265 1062 subtilior
1301 998 1336 1061 ct
1371 1014 1423 1059 aer

269 1101 414 1168 crassior.
439 1099 496 1165 sed
520 1098 644 1183 quando
668 1100 731 1164 iste
754 1098 860 1164 factus
884 1099 929 1163 sit
951 1118 1008 1165 cur
1029 1118 1092 1166 non
1115 1101 1256 1169 dicitur?
1278 1120 1318 1165 an
1340 1101 1421 1167 forte
1453 1123 1465 1160 s

267 1226 380 1273 uerum
405 1210 464 1283 est,
490 1205 574 1289 quod
598 1206 727 1287 quidam
745 1206 871 1285 uolunt,
891 1206 1034 1271 humidis
1052 1207 1307 1273 exhalationibus
1324 1206 1422 1271 maris

270 1320 303 1379 et
324 1318 426 1381 terrae
449 1315 508 1379 hes
532 1332 624 1379 aures
648 1312 733 1379 cilici
755 1314 802 1379 ita
824 1314 996 1379 crassiores
1024 1332 1096 1379 aere
1117 1314 1176 1379 illo
1200 1315 1362 1399 superiore
1386 1332 1422 1378 ac

267 1421 400 1505 liquido,
433 1424 471 1485 ut
502 1419 665 1505 gestandis
698 1420 888 1487 uolatilibus
916 1421 1025 1487 auium
1054 1422 1119 1487 sint
1150 1420 1422 1497 adcommodatae,

270 1528 316 1594 ita
345 1545 439 1611 porro
472 1526 645 1592 teneriores
678 1526 728 1592 his
760 1528 864 1611 aquis,
898 1528 1016 1612 quibus
1049 1547 1165 1612 corpus
1202 1528 1353 1606 abluitur,
1386 1530 1424 1591 ut

272 1652 379 1699 earum
407 1634 642 1716 comparatione
670 1634 773 1699 siccae
802 1637 898 1718 atque
926 1635 1030 1700 aeriae
1054 1635 1253 1700 sentiantur?
1284 1637 1318 1699 et
1348 1633 1423 1717 quia
1441 1650 1462 1686 a
1572 1621 1573 1664 ³

272 1742 310 1807 de
338 1744 422 1806 terra
449 1745 482 1805 et
509 1740 589 1804 merl
614 1740 680 1805 iam
708 1739 830 1805 dictum
858 1746 937 1818 erat,
960 1741 1037 1825 quid
1060 1759 1142 1824 opus
1166 1744 1234 1806 erat
1256 1740 1360 1806 dicere
1384 1740 1422 1805 de

273 1848 524 1914 exhalationibus
552 1864 672 1925 eorum,
700 1847 734 1911 id
762 1852 813 1913 est
838 1850 931 1932 aquis
959 1850 1079 1928 auium,
1103 1868 1177 1914 cum
1200 1849 1293 1913 illum
1317 1866 1421 1912 aerem

271 1954 479 2038 purissimum
504 1960 537 2020 ιι
558 1954 860 2037 tranquillissimum
887 1956 1087 2022 firmamento
1110 1954 1309 2020 adtributum
1329 1954 1423 2019 intol-

271 2061 406 2127 lexeris?
1278 2065 1280 2067 ’

226 2229 227 2232 ,
318 2166 400 2232 Nam
423 2186 526 2250 neque
549 2165 587 2231 de
611 2166 753 2233 fontibus
777 2171 811 2232 et
832 2168 1017 2234 fluminibus
1044 2168 1166 2234 dictum
1190 2170 1242 2233 est
1263 2167 1421 2251 quomodo
1439 2178 1462 2217 ¹⁵

273 2275 358 2339 facta
385 2273 459 2339 sint.
492 2274 546 2357 qui
574 2272 658 2338 enim
686 2274 908 2358 scrupulosius
929 2276 993 2339 ista
1016 2277 1173 2358 quaerunt
1195 2278 1228 2340 et
1250 2274 1421 2351 disserunt,

275 2382 422 2446 aethereo
442 2379 630 2463 superlapsu
649 2380 688 2445 de
706 2382 786 2445 meri
806 2381 933 2446 dulcem
950 2380 1156 2446 inuisibiliter
1173 2382 1285 2447 dicunt
1302 2380 1422 2446 extrahi

275 2507 424 2572 uaporem
448 2488 499 2554 his
522 2487 676 2554 uidelicet
698 2488 948 2566 sacerdonibus,
973 2509 1051 2572 quas
1074 2486 1280 2555 nullomodo
1304 2491 1421 2555 sentire

273 2613 445 2680 possumus
461 2617 469 2660 ι
484 2595 557 2660 inde
586 2594 769 2680 conglobari
797 2595 911 2674 nubes,
940 2599 1036 2678 atquo
1057 2595 1105 2661 ita
1125 2599 1243 2662 terram
1266 2597 1421 2662 imbribus

274 2703 484 2772 madefactam
525 2701 624 2767 antris
666 2701 897 2768 occultioribus
937 2701 1094 2768 instillare
1135 2707 1232 2787 atque
1272 2703 1421 2768 insudare
1437 2711 1461 2750 ²·

273 2811 409 2887 tantum,
442 2811 596 2891 quantum
628 2811 776 2874 coactum
800 2810 834 2873 et
854 2827 911 2891 per
942 2809 1087 2875 diuersos
1119 2809 1264 2876 tramites
1295 2811 1421 2894 lapsum

275 2918 420 2997 crumpat
455 2916 487 2980 in
524 2915 628 2981 fontes
666 2915 735 2980 siue
771 2933 888 2999 paruos
924 2916 995 2982 siue
1030 2916 1216 2982 fluminibus
1252 2916 1421 3002 gignendis

274 3020 415 3086 idoncos.
449 3021 542 3086 cuius
573 3022 620 3088 rei
652 3022 843 3087 documenta
875 3041 946 3088 esse
973 3025 1099 3102 uolunt,
1123 3025 1208 3107 quod
1229 3025 1420 3088 marinarum

276 3143 428 3208 aquarum
474 3125 676 3192 decoctarum
722 3144 822 3210 uapor
866 3128 992 3194 sinuato
1038 3129 1226 3213 cooperculo
1272 3133 1420 3212 exceptus

275 3230 441 3297 humorem
465 3231 590 3298 dulcem
613 3234 817 3317 gustantibus
842 3235 978 3302 exhibet.
1010 3239 1044 3301 et
1066 3237 1213 3302 omuibus
1237 3235 1301 3301 iere
1323 3236 1420 3300 maui-
1436 3242 1461 3284 ὅ

205 3377 207 3382 ,
275 3335 394 3402 festum
418 3338 468 3402 est
490 3337 664 3404 diminutos
694 3338 801 3405 fontes
827 3340 966 3423 inopiam
994 3341 1112 3406 sentire
1143 3341 1336 3427 pluuiamm.
1370 3343 1421 3408 ed-

275 3444 413 3508 testatur
445 3445 477 3508 et
509 3443 617 3511 diuina
648 3445 795 3525 historia,
833 3465 907 3513 cum
938 3448 1049 3512 Helias
1085 3452 1229 3532 tempore
1265 3448 1420 3514 ariditatis

366 3652 400 3707 27
420 3653 453 3708 ci.
473 3653 516 3708 111
534 3655 602 3724 Reg.
622 3655 664 3720 18,
683 3655 726 3712 43.
746 3655 782 3709 44

212 3823 216 3837 ,
311 3777 425 3844 2prius
443 3795 497 3832 non
516 3777 618 3834 om.V
683 3779 781 3849 hpost
799 3779 907 3849 quando
927 3781 1036 3836 addunt
1055 3784 1195 3852 quaeritur
1212 3782 1251 3837 od
1322 3783 1423 3835 currit

279 3864 328 3930 (sic
339 3864 366 3932 b)
387 3865 438 3918 iste
451 3865 539 3920 iactus
551 3865 652 3922 MLbd
723 3867 790 3922 dicit
808 3867 836 3921 V
886 3869 904 3922 6
922 3869 1120 3925 exaltationibus
1131 3871 1169 3925 M
1185 3869 1385 3925 exulucionibus
1397 3869 1423 3923 L

277 3953 390 4006 loures
407 3954 469 4008 ML
541 3953 625 4010 efficit
643 3955 670 4009 V
737 3956 778 4010 ite
796 3972 848 4012 om.
863 3956 890 4010 L
943 3956 1164 4030 8gustsndisV
1234 3957 1374 4013 uolatibns
1387 3958 1424 4012 bd

278 4041 294 4094 9
312 4040 366 4094 hiis
380 4041 441 4096 ML
459 4042 527 4097 iisd
581 4044 615 4100 10
634 4045 768 4099 sentiatur
785 4045 811 4098 V
866 4046 900 4099 12
918 4047 1115 4102 exarationibus
1133 4047 1160 4102 V
1175 4047 1375 4102 exstetionibus
1389 4045 1425 4101 M

278 4129 476 4184 erulucionibns
495 4131 521 4184 L
593 4147 685 4187 earum
703 4133 769 4188 Lbci
840 4137 882 4189 est
900 4150 951 4190 cm.
969 4135 1032 4191 ML
1087 4137 1121 4191 17
1140 4136 1244 4191 etherio
1266 4133 1294 4188 V
1358 4139 1423 4204 post

278 4216 383 4270 dulcem
403 4217 483 4272 addit
501 4219 643 4288 uquamV
695 4221 799 4292 dicunt]
819 4221 929 4277 ductum
947 4223 974 4277 V
1008 4225 1041 4279 18
1058 4225 1088 4279 in
1106 4223 1266 4295 uaporemb
1320 4222 1376 4277 hiis
1389 4220 1426 4277 M

280 4305 312 4359 19
330 4303 404 4374 iude]
423 4306 450 4358 ιιι
470 4304 513 4360 dic
526 4307 605 4362 MLb
660 4307 694 4362 22
713 4310 859 4380 gignendis
876 4312 1032 4367 fluminibus
1046 4313 1146 4368 MLbd
1198 4313 1234 4367 23
1247 4309 1423 4378 murinarum]

278 4408 439 4446 marmarum
462 4393 489 4448 V
540 4395 574 4450 26
594 4396 748 4453 deminutus
772 4398 799 4453 V
849 4400 884 4454 27
902 4401 997 4472 helyas
1019 4401 1175 4457 VEliusd
