3159 4950
233 470 298 532 206
585 468 612 521 S.
641 466 777 519 Aureli
806 465 1023 535 Augustini

231 680 303 727 earo
332 661 503 726 eseetzsio
530 661 666 726 fortasse
694 661 801 745 potuit
830 664 862 725 et
889 660 1003 737 anima,
1038 660 1207 740 antequam
1241 676 1278 723 ea
1309 658 1379 743 ipsa

119 789 123 797 ·
232 772 344 831 natura
365 767 472 837 fieret
489 786 569 850 quae
593 767 698 831 anima
720 766 846 841 dieitur,
866 767 958 831 euius
976 766 1030 831 uel
1047 764 1251 849 pulchritudo
1274 764 1377 829 uirtus

234 875 285 938 uel
312 874 495 939 deformitas
523 872 640 938 uitium
664 876 723 948 est,
747 874 862 938 babere
890 874 1028 955 aliquam
1052 872 1217 938 materiam
1239 891 1295 957 pro
1319 890 1377 936 suo

232 1000 346 1066 genere
374 981 562 1065 spiritalem,
591 999 672 1063 quae
700 980 839 1045 nondum
868 982 954 1045 esset
977 980 1091 1057 anima,
1115 979 1200 1045 sicut
1221 982 1314 1055 terra,
1339 978 1377 1042 de

228 1106 295 1170 qua
318 1106 390 1152 caro
414 1087 498 1152 laeta
522 1090 581 1163 est,
605 1085 669 1150 iam
695 1088 762 1150 erat
784 1084 917 1167 aliquid,
941 1086 1087 1167 quamuis
1115 1103 1177 1149 non
1206 1088 1272 1149 erat
1294 1103 1376 1150 earo.
1410 1108 1422 1146 ο

275 1194 444 1260 Sedenim
471 1198 554 1260 terra
580 1194 724 1277 inplebat
750 1192 862 1258 mnndi
884 1192 1026 1257 infimam
1050 1194 1182 1275 partem,
1207 1194 1377 1274 antequam

232 1303 271 1366 da
293 1300 349 1366 illa
372 1318 486 1384 eorpus
509 1300 647 1367 bominis
671 1300 770 1378 fieret,
796 1300 959 1367 conferens
978 1300 1128 1364 uniuerso
1147 1301 1252 1364 totum
1271 1316 1377 1374 suum,

231 1412 278 1486 ut,
316 1407 441 1473 etiamsi
477 1406 565 1471 nulla
602 1426 639 1472 er
673 1426 712 1472 ea
748 1426 819 1472 earo
856 1406 946 1471 fieret
976 1406 1145 1471 animantis
1178 1404 1376 1487 cuiusquam.

230 1515 337 1598 speeie
359 1519 466 1579 tamen
490 1532 549 1579 sua
571 1513 682 1578 mundi
704 1514 857 1579 fabricam
875 1514 1056 1596 molemque
1076 1512 1247 1595 emoleret,
1267 1530 1376 1605 seeun-

231 1622 308 1687 dum
332 1640 427 1703 quam
450 1621 567 1685 dieitur
589 1620 727 1685 mundus
751 1621 875 1686 eaelum
899 1622 932 1685 et
954 1623 1046 1686 terra.
1396 1639 1423 1677 ro

277 1728 308 1795 7.
331 1728 375 1792 At
395 1745 472 1793 uero
495 1727 552 1791 illa
575 1727 727 1810 spiritalis
751 1727 910 1803 materies,
936 1726 964 1791 ei
986 1725 1049 1789 fuit
1071 1726 1146 1804 ulla,
1166 1725 1250 1790 undo
1274 1725 1377 1791 anima

231 1833 331 1907 lieret,
350 1835 405 1899 uel
424 1834 451 1900 si
469 1837 519 1899 est
538 1835 614 1912 ulla,
638 1835 721 1900 unde
745 1835 868 1899 animae
893 1834 983 1913 liunt,
1009 1833 1085 1916 quid
1107 1833 1177 1917 ipsa
1201 1836 1269 1897 est?
1293 1831 1377 1915 quod

231 1959 355 2016 nornen.¹
385 1960 479 2023 quam
507 1942 656 2024 speeiem,
685 1960 780 2023 quem
809 1940 958 2006 usumin
982 1940 1076 2005 rebus
1104 1940 1241 2005 conditis
1267 1942 1376 2004 tenet?

231 2048 325 2122 uiuit,
350 2067 388 2111 an
412 2049 497 2116 non?
524 2047 669 2124 bimait,
694 2046 770 2130 quid
795 2048 882 2132 agit?
911 2046 987 2130 quid
1010 2048 1133 2113 confert
1155 2046 1376 2111 uniuersitatis

232 2154 418 2219 effectibus?
451 2154 617 2219 beatamne
644 2153 746 2219 uitam
774 2155 865 2238 gerit,
895 2173 934 2218 an
962 2154 1122 2231 miseram,
1147 2172 1186 2217 an
1210 2156 1375 2218 neutram?
1397 2172 1421 2211 ιο

231 2260 375 2326 uiuifioat
396 2260 538 2343 aliquid?
566 2280 604 2325 an
628 2260 752 2325 abhoc
775 2260 871 2325 etiam
896 2280 988 2345 opere
1008 2264 1106 2325 ‘uaoat
1128 2264 1160 2325 et
1183 2260 1214 2325 in
1239 2260 1374 2342 quodam

231 2370 353 2433 secreto
377 2366 595 2432 uniuersitatis
615 2368 718 2433 otiosa
735 2367 908 2449 requiescit
922 2366 990 2433 aine
1005 2367 1098 2452 uigili
1112 2386 1208 2431 sensu
1222 2369 1375 2448 motuque

232 2474 345 2542 uitali?
368 2474 395 2539 si
419 2475 504 2539 enim
528 2475 615 2539 nulla
638 2493 766 2558 prorsus
790 2475 894 2540 adhue
917 2472 985 2540 uita
1008 2478 1084 2552 erat,
1108 2472 1266 2557 quomodo
1290 2477 1377 2538 esset

231 2582 317 2648 uitae
348 2581 473 2646 suturae
506 2580 659 2663 quaedam
689 2581 874 2663 incorporea
909 2599 967 2646 nea
1003 2581 1079 2645 uiua
1116 2581 1283 2646 materies?
1320 2585 1376 2645 aut

230 2686 349 2752 falsum
377 2690 428 2751 eet
453 2691 510 2752 aut
536 2687 632 2752 nimis
659 2687 748 2751 latet.
777 2687 806 2752 ai
831 2687 1024 2752 anatomiam
1049 2687 1180 2752 uiuebat
1202 2705 1260 2752 neo
1282 2688 1375 2752 beate
1393 2705 1420 2744 20

231 2811 291 2858 neo
318 2792 443 2867 misere,
471 2793 630 2876 quomodo
657 2793 822 2858 rationalis
851 2797 938 2858 erat?
967 2794 1080 2876 quodsi
1108 2797 1184 2859 tuno
1211 2793 1375 2858 rationalis

230 2897 317 2963 faeta
338 2900 398 2974 est,
423 2917 496 2963 anm
520 2919 556 2964 ex
578 2899 635 2964 illa
661 2900 794 2966 materie
823 2905 934 2965 natrrra
962 2901 1117 2966 humanae
1146 2901 1268 2965 animae
1291 2901 1375 2965 faeta

231 3007 292 3081 eat,
315 3005 512 3071 inrationalis
536 3026 611 3090 ergo
636 3007 703 3071 uita
725 3007 874 3072 materies
903 3012 971 3072 erat
998 3007 1121 3072 animae
1144 3007 1319 3082 rationalis,
1342 3006 1375 3071 id

233 3114 283 3175 eet
314 3109 491 3174 humanae?
520 3111 597 3194 quid
620 3131 695 3196 ergo
718 3112 801 3178 inter
823 3113 912 3177 illam
934 3113 1120 3197 pecorisque
1145 3113 1304 3178 distabat?
1337 3131 1374 3177 an

231 3215 394 3282 rationalis
427 3218 494 3280 erat
525 3216 588 3280 iam
620 3217 845 3300 possibilitate,
869 3218 1007 3282 nondum
1035 3219 1208 3284 facultate?
1241 3219 1268 3284 ei
1292 3219 1375 3284 enim
1394 3237 1420 3277 aa

233 3322 379 3387 uidemus
389 3322 567 3388 infantilem
576 3323 725 3400 animam,
735 3326 800 3388 iam
810 3324 920 3408 utique
930 3325 1067 3390 hominia
1077 3326 1224 3404 animam,
1236 3325 1375 3391 nondum

122 3481 124 3485 .
232 3427 376 3509 coepisse
403 3428 452 3493 uti
478 3431 599 3495 ratione
627 3433 792 3496 ettamen
821 3449 890 3496 eam
922 3431 1109 3496 rationalem
1136 3431 1200 3496 iam
1228 3431 1374 3510 uicimus,

268 3654 391 3708 loirtus
411 3657 486 3720 (ree
504 3671 516 3708 s
534 3672 569 3711 m.
589 3657 616 3723 2)
636 3656 664 3711 R
731 3656 926 3712 3delorrnitas
947 3657 992 3726 (de
1010 3673 1032 3712 a.
1052 3658 1070 3712 1.
1088 3675 1123 3712 m.
1145 3658 1170 3724 1)
1189 3659 1220 3712 Ε
1288 3661 1375 3712 mate-

231 3743 299 3796 riam
318 3743 411 3799 PRbd
500 3746 596 3812 bean.
614 3745 696 3800 VIIII
713 3745 744 3800 E
832 3746 897 3816 Sed]
921 3747 984 3801 sib
1075 3747 1158 3815 enirn]
1177 3745 1248 3800 enim
1266 3746 1321 3801 iam
1339 3745 1377 3801 ba

233 3831 317 3885 lilla
336 3837 365 3890 (a
383 3849 417 3886 a
434 3850 450 3886 ο
467 3850 503 3888 na.
523 3835 548 3900 1)
564 3835 592 3889 R
691 3837 917 3906 θοοιιρίοῐοοΕι
1019 3837 1051 3892 10
1064 3837 1230 3906 terssterraP
1302 3840 1335 3894 12
1354 3839 1377 3893 si

231 3920 337 3975 οοι,Ε1
396 3921 446 3975 alt.
461 3929 504 3975 est
522 3922 627 3978 om.R¹
701 3926 735 3978 13
755 3942 773 3979 α
789 3942 857 3980 uoce
875 3943 955 3994 quarn
973 3927 1028 3980 ino.
1048 3943 1108 3996 cap.
1128 3927 1152 3980 X
1171 3927 1201 3982 E
1290 3929 1322 3982 15
1341 3945 1376 3982 an

233 4009 369 4078 miseram]
393 4026 424 4064 ae
446 4011 614 4066 miseramS
694 4013 727 4066 16
747 4013 780 4067 ab
807 4015 833 4084 (a
852 4030 885 4069 aa
904 4032 919 4067 0
938 4031 973 4069 m.
994 4015 1020 4082 1)
1040 4013 1149 4070 Sobb
1227 4017 1260 4069 19
1278 4015 1379 4072 niteS

232 4097 267 4151 20
285 4096 380 4152 beat-a
400 4109 427 4164 (a
445 4108 494 4163 er.)
513 4100 544 4154 E
595 4101 628 4154 21
648 4102 759 4156 misena
777 4111 805 4169 (a
823 4107 871 4157 eat
886 4103 916 4158 E
986 4103 1165 4173 quomomodo
1180 4105 1210 4159 Ε
1292 4107 1375 4160 ratio-

232 4186 331 4239 nabilia
343 4185 382 4238 Ρ1
394 4188 567 4244 rationaeolis
575 4189 604 4245 R
675 4191 843 4245 rationanlis
856 4191 884 4246 R
932 4193 967 4246 22
981 4194 1110 4246 materiae
1120 4191 1214 4248 PRSb
1264 4195 1299 4248 24
1311 4194 1375 4264 quid

233 4275 253 4339 (i
272 4289 393 4328 wem.
414 4276 439 4340 l)
459 4275 487 4330 R
558 4276 665 4334 illaE¹
719 4281 755 4335 26
772 4281 932 4336 iniantelem
952 4281 991 4336 R¹
1046 4285 1080 4336 27
1100 4282 1258 4353 caepisseS
1308 4283 1375 4337 rati·

231 4361 353 4416 onemS
421 4363 611 4420 rationabilem
630 4383 689 4420 eam
709 4367 763 4421 iam
782 4367 939 4424 dicimusS
1008 4371 1072 4438 iam]
1094 4375 1124 4424 ut
1141 4371 1169 4426 R
1188 4385 1239 4426 om.
1259 4371 1323 4425 ΡΜ
