<?xml version="1.0" encoding="UTF-8"?>
<!DOCTYPE html PUBLIC "-//W3C//DTD XHTML 1.0 Transitional//EN"
    "http://www.w3.org/TR/xhtml1/DTD/xhtml1-transitional.dtd">
<html xmlns="http://www.w3.org/1999/xhtml" xml:lang="en" lang="en">
 <head>
  <title>
</title>
<meta http-equiv="Content-Type" content="text/html;charset=utf-8" />
  <meta name='ocr-system' content='tesseract 3.04.00' />
  <meta name='ocr-capabilities' content='ocr_page ocr_carea ocr_par ocr_line ocrx_word'/>
</head>
<body>
  <div class='ocr_page' id='page_1' title='image "./corpusscriptoru10wiengoog_0476.png"; bbox 0 0 3159 4950; ppageno 0'>
   <div class='ocr_carea' id='block_1_1' title="bbox 248 491 1038 561">
    <p class='ocr_par' dir='ltr' id='par_1_1' title="bbox 248 491 1038 561">
     <span class='ocr_line' id='line_1_1' title="bbox 248 491 1038 561; baseline -0.004 -12"><span class='ocrx_word' id='word_1_1' title='bbox 248 494 313 557; x_wconf 79' lang='lat'><strong>450</strong></span> <span class='ocrx_word' id='word_1_2' title='bbox 598 492 624 545; x_wconf 90' lang='lat' dir='ltr'><strong>S.</strong></span> <span class='ocrx_word' id='word_1_3' title='bbox 652 491 790 546; x_wconf 79' lang='lat' dir='ltr'><strong>Aureli</strong></span> <span class='ocrx_word' id='word_1_4' title='bbox 819 492 1038 561; x_wconf 76' lang='lat' dir='ltr'><strong>Augustini</strong></span> 
     </span>
    </p>
   </div>
   <div class='ocr_carea' id='block_1_2' title="bbox 248 678 1394 839">
    <p class='ocr_par' dir='ltr' id='par_1_2' title="bbox 248 678 1394 839">
     <span class='ocr_line' id='line_1_2' title="bbox 248 678 1394 767; baseline 0.002 -19"><span class='ocrx_word' id='word_1_5' title='bbox 248 690 412 749; x_wconf 84' lang='lat' dir='ltr'>XXXVIIII</span> <span class='ocrx_word' id='word_1_6' title='bbox 434 690 645 763; x_wconf 78' lang='lat' dir='ltr'><strong>Argumentum</strong></span> <span class='ocrx_word' id='word_1_7' title='bbox 667 688 731 765; x_wconf 89' lang='lat' dir='ltr'><strong>ipse</strong></span> <span class='ocrx_word' id='word_1_8' title='bbox 754 678 812 763; x_wconf 83' lang='lat' dir='ltr'><strong>quo</strong></span> <span class='ocrx_word' id='word_1_9' title='bbox 835 692 933 747; x_wconf 76' lang='lat' dir='ltr'><strong>minen</strong></span> <span class='ocrx_word' id='word_1_10' title='bbox 956 688 1140 748; x_wconf 80' lang='lat' dir='ltr'><strong>conntncitur</strong></span> <span class='ocrx_word' id='word_1_11' title='bbox 1163 707 1195 749; x_wconf 90' lang='lat' dir='ltr'><strong>se</strong></span> <span class='ocrx_word' id='word_1_12' title='bbox 1215 690 1394 767; x_wconf 83' lang='lat' dir='ltr'><strong>impugnasse</strong></span> 
     </span>
     <span class='ocr_line' id='line_1_3' title="bbox 434 778 701 839; baseline 0.007 -3"><span class='ocrx_word' id='word_1_13' title='bbox 434 778 546 837; x_wconf 89' lang='lat' dir='ltr'><strong>ratione</strong></span> <span class='ocrx_word' id='word_1_14' title='bbox 570 778 701 839; x_wconf 88' lang='lat' dir='ltr'><strong>docente.</strong></span> 
     </span>
    </p>
   </div>
   <div class='ocr_carea' id='block_1_3' title="bbox 348 882 1304 959">
    <p class='ocr_par' dir='ltr' id='par_1_3' title="bbox 348 882 1304 959">
     <span class='ocr_line' id='line_1_4' title="bbox 348 882 1304 959; baseline 0.004 -17"><span class='ocrx_word' id='word_1_15' title='bbox 348 884 558 959; x_wconf 81' lang='lat' dir='ltr'><strong>Explicuernnt</strong></span> <span class='ocrx_word' id='word_1_16' title='bbox 581 883 717 959; x_wconf 85' lang='lat' dir='ltr'><strong>capitula.</strong></span> <span class='ocrx_word' id='word_1_17' title='bbox 741 882 886 957; x_wconf 84' lang='lat' dir='ltr'><strong>incipiunt</strong></span> <span class='ocrx_word' id='word_1_18' title='bbox 908 882 1037 958; x_wconf 80' lang='lat' dir='ltr'><strong>sepltula</strong></span> <span class='ocrx_word' id='word_1_19' title='bbox 1058 884 1126 943; x_wconf 83' lang='lat' dir='ltr'>libri</span> <span class='ocrx_word' id='word_1_20' title='bbox 1148 885 1304 947; x_wconf 80' lang='lat' dir='ltr'><strong>undecimi.</strong></span> 
     </span>
    </p>
   </div>
   <div class='ocr_carea' id='block_1_4' title="bbox 302 990 1445 4185">
    <p class='ocr_par' dir='ltr' id='par_1_4' title="bbox 394 990 1317 1066">
     <span class='ocr_line' id='line_1_5' title="bbox 394 990 1317 1066; baseline 0.004 -17"><span class='ocrx_word' id='word_1_21' title='bbox 394 990 476 1049; x_wconf 92' lang='lat' dir='ltr'><strong>IDe</strong></span> <span class='ocrx_word' id='word_1_22' title='bbox 501 1007 534 1049; x_wconf 95' lang='lat' dir='ltr'><strong>eo</strong></span> <span class='ocrx_word' id='word_1_23' title='bbox 559 990 638 1066; x_wconf 92' lang='lat' dir='ltr'><strong>quod</strong></span> <span class='ocrx_word' id='word_1_24' title='bbox 662 992 746 1049; x_wconf 86' lang='lat' dir='ltr'><strong>erant</strong></span> <span class='ocrx_word' id='word_1_25' title='bbox 768 990 853 1049; x_wconf 89' lang='lat' dir='ltr'><strong>ambo</strong></span> <span class='ocrx_word' id='word_1_26' title='bbox 877 990 947 1049; x_wconf 86' lang='lat' dir='ltr'><strong>nudi</strong></span> <span class='ocrx_word' id='word_1_27' title='bbox 971 990 1056 1064; x_wconf 90' lang='lat' dir='ltr'><strong>primi</strong></span> <span class='ocrx_word' id='word_1_28' title='bbox 1078 990 1212 1051; x_wconf 89' lang='lat' dir='ltr'><strong>homines</strong></span> <span class='ocrx_word' id='word_1_29' title='bbox 1235 991 1317 1053; x_wconf 82' lang='lat' dir='ltr'><strong>facti.</strong></span> 
     </span>
    </p>

    <p class='ocr_par' dir='ltr' id='par_1_5' title="bbox 353 1078 1441 1334">
     <span class='ocr_line' id='line_1_6' title="bbox 379 1078 1441 1155; baseline 0.002 -16"><span class='ocrx_word' id='word_1_30' title='bbox 379 1081 411 1138; x_wconf 89' lang='grc' dir='ltr'>Π</span> <span class='ocrx_word' id='word_1_31' title='bbox 434 1080 558 1155; x_wconf 82' lang='lat' dir='ltr'><strong>Serpens</strong></span> <span class='ocrx_word' id='word_1_32' title='bbox 582 1082 677 1139; x_wconf 88' lang='lat' dir='ltr'><strong>antem</strong></span> <span class='ocrx_word' id='word_1_33' title='bbox 701 1082 763 1139; x_wconf 90' lang='lat' dir='ltr'><strong>erat</strong></span> <span class='ocrx_word' id='word_1_34' title='bbox 785 1078 826 1137; x_wconf 90' lang='lat' dir='ltr'><strong>ibi</strong></span> <span class='ocrx_word' id='word_1_35' title='bbox 849 1079 1103 1154; x_wconf 90' lang='lat' dir='ltr'><strong>prudentissimus.</strong></span> <span class='ocrx_word' id='word_1_36' title='bbox 1425 1102 1441 1141; x_wconf 84' lang='lat' dir='ltr'><strong>s</strong></span> 
     </span>
     <span class='ocr_line' id='line_1_7' title="bbox 368 1166 1393 1242; baseline 0.002 -14"><span class='ocrx_word' id='word_1_37' title='bbox 368 1169 413 1228; x_wconf 89' lang='lat' dir='ltr'><strong>III</strong></span> <span class='ocrx_word' id='word_1_38' title='bbox 435 1166 585 1229; x_wconf 85' lang='lat' dir='ltr'><strong>Abusioue</strong></span> <span class='ocrx_word' id='word_1_39' title='bbox 608 1168 714 1227; x_wconf 90' lang='lat' dir='ltr'><strong>dicitnr</strong></span> <span class='ocrx_word' id='word_1_40' title='bbox 736 1167 881 1242; x_wconf 86' lang='lat' dir='ltr'><strong>sapientia</strong></span> <span class='ocrx_word' id='word_1_41' title='bbox 893 1168 923 1227; x_wconf 91' lang='lat' dir='ltr'><strong>in</strong></span> <span class='ocrx_word' id='word_1_42' title='bbox 939 1169 1014 1228; x_wconf 88' lang='lat' dir='ltr'><strong>malo</strong></span> <span class='ocrx_word' id='word_1_43' title='bbox 1038 1169 1115 1227; x_wconf 90' lang='lat' dir='ltr'><strong>sicut</strong></span> <span class='ocrx_word' id='word_1_44' title='bbox 1130 1171 1240 1230; x_wconf 85' lang='lat' dir='ltr'><strong>astutia</strong></span> <span class='ocrx_word' id='word_1_45' title='bbox 1256 1169 1288 1229; x_wconf 91' lang='lat' dir='ltr'><strong>iu</strong></span> <span class='ocrx_word' id='word_1_46' title='bbox 1306 1170 1393 1231; x_wconf 90' lang='lat' dir='ltr'><strong>bono.</strong></span> 
     </span>
     <span class='ocr_line' id='line_1_8' title="bbox 353 1256 1333 1334; baseline 0.003 -16"><span class='ocrx_word' id='word_1_47' title='bbox 353 1260 414 1318; x_wconf 84' lang='lat'>1111</span> <span class='ocrx_word' id='word_1_48' title='bbox 435 1258 493 1317; x_wconf 89' lang='lat' dir='ltr'><strong>Hic</strong></span> <span class='ocrx_word' id='word_1_49' title='bbox 517 1256 664 1334; x_wconf 88' lang='lat' dir='ltr'><strong>quaeritur</strong></span> <span class='ocrx_word' id='word_1_50' title='bbox 687 1274 738 1317; x_wconf 88' lang='lat' dir='ltr'><strong>cur</strong></span> <span class='ocrx_word' id='word_1_51' title='bbox 761 1258 832 1317; x_wconf 87' lang='lat' dir='ltr'><strong>deus</strong></span> <span class='ocrx_word' id='word_1_52' title='bbox 854 1257 969 1316; x_wconf 79' lang='lat' dir='ltr'><strong>temtari</strong></span> <span class='ocrx_word' id='word_1_53' title='bbox 991 1258 1156 1333; x_wconf 86' lang='lat' dir='ltr'><strong>permiserit</strong></span> <span class='ocrx_word' id='word_1_54' title='bbox 1176 1259 1333 1321; x_wconf 89' lang='lat' dir='ltr'><strong>homiuem.</strong></span> 
     </span>
    </p>

    <p class='ocr_par' dir='ltr' id='par_1_6' title="bbox 386 1346 1273 1421">
     <span class='ocr_line' id='line_1_9' title="bbox 386 1346 1273 1421; baseline 0.002 -14"><span class='ocrx_word' id='word_1_55' title='bbox 386 1348 411 1407; x_wconf 88' lang='lat' dir='ltr'>V</span> <span class='ocrx_word' id='word_1_56' title='bbox 436 1348 492 1407; x_wconf 81' lang='lat' dir='ltr'><strong>Cur</strong></span> <span class='ocrx_word' id='word_1_57' title='bbox 515 1346 601 1406; x_wconf 88' lang='lat' dir='ltr'><strong>etiam</strong></span> <span class='ocrx_word' id='word_1_58' title='bbox 625 1363 702 1405; x_wconf 91' lang='lat' dir='ltr'><strong>nuno</strong></span> <span class='ocrx_word' id='word_1_59' title='bbox 724 1346 841 1406; x_wconf 80' lang='lat' dir='ltr'><strong>temtari</strong></span> <span class='ocrx_word' id='word_1_60' title='bbox 862 1346 995 1406; x_wconf 90' lang='lat' dir='ltr'><strong>homines</strong></span> <span class='ocrx_word' id='word_1_61' title='bbox 1018 1346 1168 1421; x_wconf 89' lang='lat' dir='ltr'><strong>permittat</strong></span> <span class='ocrx_word' id='word_1_62' title='bbox 1190 1350 1273 1410; x_wconf 90' lang='lat' dir='ltr'><strong>deus.</strong></span> 
     </span>
    </p>

    <p class='ocr_par' dir='ltr' id='par_1_7' title="bbox 372 1435 1201 1510">
     <span class='ocr_line' id='line_1_10' title="bbox 372 1435 1201 1510; baseline 0.001 -13"><span class='ocrx_word' id='word_1_63' title='bbox 372 1438 414 1497; x_wconf 94' lang='lat' dir='ltr'><strong>VI</strong></span> <span class='ocrx_word' id='word_1_64' title='bbox 437 1436 575 1509; x_wconf 75' lang='lat' dir='ltr'><strong>Quaestio</strong></span> <span class='ocrx_word' id='word_1_65' title='bbox 599 1435 812 1509; x_wconf 81' lang='lat' dir='ltr'><strong>praesumtiose</strong></span> <span class='ocrx_word' id='word_1_66' title='bbox 834 1438 863 1494; x_wconf 91' lang='lat' dir='ltr'><strong>et</strong></span> <span class='ocrx_word' id='word_1_67' title='bbox 885 1435 1035 1510; x_wconf 85' lang='lat' dir='ltr'><strong>responsio</strong></span> <span class='ocrx_word' id='word_1_68' title='bbox 1060 1436 1201 1499; x_wconf 81' lang='lat' dir='ltr'><strong>ordinata.</strong></span> 
     </span>
    </p>

    <p class='ocr_par' dir='ltr' id='par_1_8' title="bbox 342 1523 1442 1691">
     <span class='ocr_line' id='line_1_11' title="bbox 358 1523 1442 1600; baseline -0.001 -14"><span class='ocrx_word' id='word_1_69' title='bbox 358 1528 414 1586; x_wconf 89' lang='lat' dir='ltr'><strong>VH</strong></span> <span class='ocrx_word' id='word_1_70' title='bbox 436 1525 493 1585; x_wconf 92' lang='lat' dir='ltr'><strong>Hic</strong></span> <span class='ocrx_word' id='word_1_71' title='bbox 511 1526 615 1584; x_wconf 91' lang='lat' dir='ltr'><strong>breues</strong></span> <span class='ocrx_word' id='word_1_72' title='bbox 638 1523 852 1600; x_wconf 87' lang='lat' dir='ltr'><strong>propositiones</strong></span> <span class='ocrx_word' id='word_1_73' title='bbox 876 1528 905 1584; x_wconf 90' lang='lat' dir='ltr'><strong>et</strong></span> <span class='ocrx_word' id='word_1_74' title='bbox 927 1526 1132 1600; x_wconf 88' lang='lat' dir='ltr'><strong>responsiones</strong></span> <span class='ocrx_word' id='word_1_75' title='bbox 1154 1526 1310 1587; x_wconf 82' lang='lat' dir='ltr'><strong>conteruit.</strong></span> <span class='ocrx_word' id='word_1_76' title='bbox 1413 1548 1442 1586; x_wconf 80' lang='lat' dir='ltr'><strong>ro</strong></span> 
     </span>
     <span class='ocr_line' id='line_1_12' title="bbox 342 1613 1395 1691; baseline 0.002 -17"><span class='ocrx_word' id='word_1_77' title='bbox 342 1616 413 1675; x_wconf 84' lang='lat' dir='ltr'>VIII</span> <span class='ocrx_word' id='word_1_78' title='bbox 435 1613 492 1673; x_wconf 89' lang='lat' dir='ltr'><strong>Hic</strong></span> <span class='ocrx_word' id='word_1_79' title='bbox 516 1614 672 1689; x_wconf 89' lang='lat' dir='ltr'><strong>quaeritur,</strong></span> <span class='ocrx_word' id='word_1_80' title='bbox 698 1632 748 1673; x_wconf 87' lang='lat' dir='ltr'><strong>cur</strong></span> <span class='ocrx_word' id='word_1_81' title='bbox 769 1632 822 1689; x_wconf 89' lang='lat' dir='ltr'><strong>per</strong></span> <span class='ocrx_word' id='word_1_82' title='bbox 843 1617 1008 1690; x_wconf 85' lang='lat' dir='ltr'><strong>serpentem</strong></span> <span class='ocrx_word' id='word_1_83' title='bbox 1032 1614 1165 1675; x_wconf 85' lang='lat' dir='ltr'><strong>diabolus</strong></span> <span class='ocrx_word' id='word_1_84' title='bbox 1188 1618 1309 1676; x_wconf 87' lang='lat' dir='ltr'><strong>temtare</strong></span> <span class='ocrx_word' id='word_1_85' title='bbox 1330 1633 1395 1691; x_wconf 90' lang='lat' dir='ltr'><strong>per-</strong></span> 
     </span>
    </p>

    <p class='ocr_par' dir='ltr' id='par_1_9' title="bbox 327 1703 1396 1955">
     <span class='ocr_line' id='line_1_13' title="bbox 435 1703 613 1763; baseline 0.006 -2"><span class='ocrx_word' id='word_1_86' title='bbox 435 1704 541 1763; x_wconf 89' lang='lat' dir='ltr'><strong>missus</strong></span> <span class='ocrx_word' id='word_1_87' title='bbox 565 1703 613 1762; x_wconf 92' lang='lat' dir='ltr'><strong>sit.</strong></span> 
     </span>
     <span class='ocr_line' id='line_1_14' title="bbox 327 1790 1396 1867; baseline 0 -14"><span class='ocrx_word' id='word_1_88' title='bbox 327 1794 413 1853; x_wconf 86' lang='lat' dir='ltr'>VIIII</span> <span class='ocrx_word' id='word_1_89' title='bbox 435 1792 479 1851; x_wconf 92' lang='lat' dir='ltr'><strong>De</strong></span> <span class='ocrx_word' id='word_1_90' title='bbox 512 1794 616 1851; x_wconf 88' lang='lat' dir='ltr'><strong>natura</strong></span> <span class='ocrx_word' id='word_1_91' title='bbox 648 1790 757 1851; x_wconf 88' lang='lat' dir='ltr'><strong>diaboli</strong></span> <span class='ocrx_word' id='word_1_92' title='bbox 790 1790 889 1867; x_wconf 88' lang='lat' dir='ltr'><strong>quaeri</strong></span> <span class='ocrx_word' id='word_1_93' title='bbox 922 1792 1006 1852; x_wconf 89' lang='lat' dir='ltr'><strong>solet.</strong></span> <span class='ocrx_word' id='word_1_94' title='bbox 1039 1792 1087 1851; x_wconf 92' lang='lat' dir='ltr'><strong>hic</strong></span> <span class='ocrx_word' id='word_1_95' title='bbox 1113 1793 1300 1853; x_wconf 82' lang='lat' dir='ltr'><strong>Manichaeos</strong></span> <span class='ocrx_word' id='word_1_96' title='bbox 1332 1794 1396 1853; x_wconf 92' lang='lat' dir='ltr'><strong>nult</strong></span> 
     </span>
     <span class='ocr_line' id='line_1_15' title="bbox 435 1881 576 1955; baseline -0.007 -13"><span class='ocrx_word' id='word_1_97' title='bbox 435 1881 576 1955; x_wconf 83' lang='lat' dir='ltr'><strong>intellegi.</strong></span> 
     </span>
    </p>

    <p class='ocr_par' dir='ltr' id='par_1_10' title="bbox 374 1969 1442 2133">
     <span class='ocr_line' id='line_1_16' title="bbox 388 1969 1442 2045; baseline 0.002 -15"><span class='ocrx_word' id='word_1_98' title='bbox 388 1972 414 2030; x_wconf 93' lang='lat' dir='ltr'>X</span> <span class='ocrx_word' id='word_1_99' title='bbox 436 1973 480 2031; x_wconf 92' lang='lat' dir='ltr'><strong>De</strong></span> <span class='ocrx_word' id='word_1_100' title='bbox 504 1969 620 2029; x_wconf 87' lang='lat' dir='ltr'><strong>diabolo</strong></span> <span class='ocrx_word' id='word_1_101' title='bbox 645 1969 713 2044; x_wconf 90' lang='lat' dir='ltr'><strong>quid</strong></span> <span class='ocrx_word' id='word_1_102' title='bbox 737 1970 895 2029; x_wconf 91' lang='lat' dir='ltr'><strong>secundum</strong></span> <span class='ocrx_word' id='word_1_103' title='bbox 917 1970 1078 2045; x_wconf 86' lang='lat' dir='ltr'><strong>scripturas</strong></span> <span class='ocrx_word' id='word_1_104' title='bbox 1102 1970 1255 2031; x_wconf 88' lang='lat' dir='ltr'><strong>dicendum</strong></span> <span class='ocrx_word' id='word_1_105' title='bbox 1278 1973 1326 2034; x_wconf 92' lang='lat' dir='ltr'><strong>sit.</strong></span> <span class='ocrx_word' id='word_1_106' title='bbox 1414 1991 1442 2031; x_wconf 74' lang='lat' dir='ltr'><strong>is</strong></span> 
     </span>
     <span class='ocr_line' id='line_1_17' title="bbox 374 2058 1074 2133; baseline -0.001 -14"><span class='ocrx_word' id='word_1_107' title='bbox 374 2061 415 2119; x_wconf 87' lang='lat' dir='ltr'><strong>XI</strong></span> <span class='ocrx_word' id='word_1_108' title='bbox 439 2059 513 2131; x_wconf 78' lang='lat' dir='ltr'><strong>Quid</strong></span> <span class='ocrx_word' id='word_1_109' title='bbox 538 2058 577 2119; x_wconf 91' lang='lat' dir='ltr'><strong>sit</strong></span> <span class='ocrx_word' id='word_1_110' title='bbox 599 2059 735 2133; x_wconf 86' lang='lat' dir='ltr'><strong>snperbia</strong></span> <span class='ocrx_word' id='word_1_111' title='bbox 758 2062 787 2117; x_wconf 93' lang='lat' dir='ltr'><strong>et</strong></span> <span class='ocrx_word' id='word_1_112' title='bbox 810 2060 880 2133; x_wconf 88' lang='lat' dir='ltr'><strong>quid</strong></span> <span class='ocrx_word' id='word_1_113' title='bbox 902 2058 1074 2119; x_wconf 88' lang='lat' dir='ltr'><strong>inuidentia.</strong></span> 
     </span>
    </p>

    <p class='ocr_par' dir='ltr' id='par_1_11' title="bbox 358 2146 1396 2225">
     <span class='ocr_line' id='line_1_18' title="bbox 358 2146 1396 2225; baseline 0 -16"><span class='ocrx_word' id='word_1_114' title='bbox 358 2150 414 2208; x_wconf 87' lang='lat' dir='ltr'><strong>XII</strong></span> <span class='ocrx_word' id='word_1_115' title='bbox 437 2148 577 2223; x_wconf 75' lang='lat' dir='ltr'><strong>specialis</strong></span> <span class='ocrx_word' id='word_1_116' title='bbox 605 2146 728 2206; x_wconf 86' lang='lat' dir='ltr'><strong>auaritia</strong></span> <span class='ocrx_word' id='word_1_117' title='bbox 756 2165 837 2207; x_wconf 90' lang='lat' dir='ltr'><strong>amor</strong></span> <span class='ocrx_word' id='word_1_118' title='bbox 867 2148 1008 2222; x_wconf 88' lang='lat' dir='ltr'><strong>pecuniae</strong></span> <span class='ocrx_word' id='word_1_119' title='bbox 1039 2166 1093 2223; x_wconf 90' lang='lat' dir='ltr'><strong>pro</strong></span> <span class='ocrx_word' id='word_1_120' title='bbox 1120 2150 1249 2224; x_wconf 89' lang='lat' dir='ltr'><strong>generali</strong></span> <span class='ocrx_word' id='word_1_121' title='bbox 1276 2148 1396 2225; x_wconf 88' lang='lat' dir='ltr'><strong>ponitur</strong></span> 
     </span>
    </p>

    <p class='ocr_par' dir='ltr' id='par_1_12' title="bbox 436 2238 808 2311">
     <span class='ocr_line' id='line_1_19' title="bbox 436 2238 808 2311; baseline -0.005 -14"><span class='ocrx_word' id='word_1_122' title='bbox 436 2238 580 2297; x_wconf 89' lang='lat' dir='ltr'><strong>hocloco</strong></span> <span class='ocrx_word' id='word_1_123' title='bbox 604 2238 640 2296; x_wconf 90' lang='lat' dir='ltr'><strong>ab</strong></span> <span class='ocrx_word' id='word_1_124' title='bbox 665 2238 808 2311; x_wconf 89' lang='lat' dir='ltr'><strong>apostolo.</strong></span> 
     </span>
    </p>

    <p class='ocr_par' dir='ltr' id='par_1_13' title="bbox 327 2325 1445 2493">
     <span class='ocr_line' id='line_1_20' title="bbox 343 2325 1004 2400; baseline -0.003 -13"><span class='ocrx_word' id='word_1_125' title='bbox 343 2328 414 2386; x_wconf 88' lang='lat' dir='ltr'>XIII</span> <span class='ocrx_word' id='word_1_126' title='bbox 434 2329 499 2387; x_wconf 91' lang='lat' dir='ltr'><strong>Duo</strong></span> <span class='ocrx_word' id='word_1_127' title='bbox 523 2343 645 2397; x_wconf 88' lang='lat' dir='ltr'><strong>amores,</strong></span> <span class='ocrx_word' id='word_1_128' title='bbox 670 2326 786 2385; x_wconf 87' lang='lat' dir='ltr'><strong>socialis</strong></span> <span class='ocrx_word' id='word_1_129' title='bbox 811 2328 840 2385; x_wconf 90' lang='lat' dir='ltr'><strong>et</strong></span> <span class='ocrx_word' id='word_1_130' title='bbox 861 2325 1004 2400; x_wconf 78' lang='lat' dir='ltr'><strong>priuatus</strong></span> 
     </span>
     <span class='ocr_line' id='line_1_21' title="bbox 327 2414 1445 2493; baseline 0.001 -17"><span class='ocrx_word' id='word_1_131' title='bbox 327 2418 414 2477; x_wconf 88' lang='lat' dir='ltr'>XHII</span> <span class='ocrx_word' id='word_1_132' title='bbox 438 2416 521 2488; x_wconf 81' lang='lat' dir='ltr'><strong>Quod</strong></span> <span class='ocrx_word' id='word_1_133' title='bbox 550 2416 637 2476; x_wconf 91' lang='lat' dir='ltr'><strong>etiam</strong></span> <span class='ocrx_word' id='word_1_134' title='bbox 665 2414 695 2474; x_wconf 91' lang='lat' dir='ltr'><strong>in</strong></span> <span class='ocrx_word' id='word_1_135' title='bbox 724 2415 839 2475; x_wconf 90' lang='lat' dir='ltr'><strong>diabolo</strong></span> <span class='ocrx_word' id='word_1_136' title='bbox 868 2414 932 2491; x_wconf 89' lang='lat' dir='ltr'><strong>ipso</strong></span> <span class='ocrx_word' id='word_1_137' title='bbox 961 2415 1098 2490; x_wconf 87' lang='lat' dir='ltr'><strong>superbia</strong></span> <span class='ocrx_word' id='word_1_138' title='bbox 1123 2417 1326 2493; x_wconf 87' lang='lat' dir='ltr'><strong>praecesserit,</strong></span> <span class='ocrx_word' id='word_1_139' title='bbox 1349 2416 1396 2476; x_wconf 92' lang='lat' dir='ltr'><strong>in·</strong></span> <span class='ocrx_word' id='word_1_140' title='bbox 1415 2435 1445 2477; x_wconf 77' lang='lat' dir='ltr'><strong>so</strong></span> 
     </span>
    </p>

    <p class='ocr_par' dir='ltr' id='par_1_14' title="bbox 436 2505 761 2565">
     <span class='ocr_line' id='line_1_22' title="bbox 436 2505 761 2565; baseline -0.009 0"><span class='ocrx_word' id='word_1_141' title='bbox 436 2505 568 2565; x_wconf 76' lang='lat' dir='ltr'><strong>nitentia</strong></span> <span class='ocrx_word' id='word_1_142' title='bbox 591 2509 691 2564; x_wconf 84' lang='lat' dir='ltr'><strong>secuta</strong></span> <span class='ocrx_word' id='word_1_143' title='bbox 714 2505 761 2564; x_wconf 90' lang='lat' dir='ltr'><strong>sit.</strong></span> 
     </span>
    </p>

    <p class='ocr_par' dir='ltr' id='par_1_15' title="bbox 364 2593 1313 2670">
     <span class='ocr_line' id='line_1_23' title="bbox 364 2593 1313 2670; baseline 0 -15"><span class='ocrx_word' id='word_1_144' title='bbox 364 2596 416 2655; x_wconf 93' lang='lat' dir='ltr'><strong>XV</strong></span> <span class='ocrx_word' id='word_1_145' title='bbox 439 2595 643 2670; x_wconf 83' lang='lat' dir='ltr'><strong>Opinationem</strong></span> <span class='ocrx_word' id='word_1_146' title='bbox 668 2595 703 2653; x_wconf 90' lang='lat' dir='ltr'><strong>de</strong></span> <span class='ocrx_word' id='word_1_147' title='bbox 727 2594 843 2653; x_wconf 90' lang='lat' dir='ltr'><strong>diabolo</strong></span> <span class='ocrx_word' id='word_1_148' title='bbox 866 2593 959 2669; x_wconf 85' lang='lat' dir='ltr'><strong>ponit,</strong></span> <span class='ocrx_word' id='word_1_149' title='bbox 984 2611 1070 2669; x_wconf 89' lang='lat' dir='ltr'><strong>quam</strong></span> <span class='ocrx_word' id='word_1_150' title='bbox 1092 2611 1159 2654; x_wconf 83' lang='lat' dir='ltr'><strong>mox</strong></span> <span class='ocrx_word' id='word_1_151' title='bbox 1182 2599 1313 2657; x_wconf 87' lang='lat' dir='ltr'><strong>euacuat.</strong></span> 
     </span>
    </p>

    <p class='ocr_par' dir='ltr' id='par_1_16' title="bbox 347 2683 1396 2760">
     <span class='ocr_line' id='line_1_24' title="bbox 347 2683 1396 2760; baseline -0.001 -16"><span class='ocrx_word' id='word_1_152' title='bbox 347 2685 415 2744; x_wconf 72' lang='lat' dir='ltr'><strong>xm</strong></span> <span class='ocrx_word' id='word_1_153' title='bbox 436 2686 518 2744; x_wconf 89' lang='lat' dir='ltr'><strong>Haec</strong></span> <span class='ocrx_word' id='word_1_154' title='bbox 548 2684 678 2760; x_wconf 85' lang='lat' dir='ltr'><strong>quaestio</strong></span> <span class='ocrx_word' id='word_1_155' title='bbox 709 2683 744 2742; x_wconf 93' lang='lat' dir='ltr'><strong>de</strong></span> <span class='ocrx_word' id='word_1_156' title='bbox 770 2683 859 2741; x_wconf 87' lang='lat' dir='ltr'><strong>beata</strong></span> <span class='ocrx_word' id='word_1_157' title='bbox 885 2684 947 2742; x_wconf 87' lang='lat' dir='ltr'><strong>uita</strong></span> <span class='ocrx_word' id='word_1_158' title='bbox 973 2684 1072 2758; x_wconf 92' lang='lat' dir='ltr'><strong>potest</strong></span> <span class='ocrx_word' id='word_1_159' title='bbox 1100 2687 1130 2742; x_wconf 92' lang='lat' dir='ltr'><strong>et</strong></span> <span class='ocrx_word' id='word_1_160' title='bbox 1157 2684 1192 2743; x_wconf 91' lang='lat' dir='ltr'><strong>de</strong></span> <span class='ocrx_word' id='word_1_161' title='bbox 1214 2685 1280 2759; x_wconf 91' lang='lat' dir='ltr'><strong>ipso</strong></span> <span class='ocrx_word' id='word_1_162' title='bbox 1303 2684 1396 2760; x_wconf 90' lang='lat' dir='ltr'><strong>primo</strong></span> 
     </span>
    </p>

    <p class='ocr_par' dir='ltr' id='par_1_17' title="bbox 302 2772 1445 3381">
     <span class='ocr_line' id='line_1_25' title="bbox 437 2772 1395 2848; baseline 0.002 -16"><span class='ocrx_word' id='word_1_163' title='bbox 437 2773 553 2832; x_wconf 93' lang='lat' dir='ltr'><strong>homine</strong></span> <span class='ocrx_word' id='word_1_164' title='bbox 569 2772 676 2832; x_wconf 87' lang='lat' dir='ltr'><strong>oboriri</strong></span> <span class='ocrx_word' id='word_1_165' title='bbox 689 2776 784 2831; x_wconf 85' lang='lat' dir='ltr'><strong>utrum</strong></span> <span class='ocrx_word' id='word_1_166' title='bbox 799 2772 888 2830; x_wconf 85' lang='lat' dir='ltr'><strong>luerit</strong></span> <span class='ocrx_word' id='word_1_167' title='bbox 906 2772 967 2831; x_wconf 91' lang='lat' dir='ltr'><strong>eins</strong></span> <span class='ocrx_word' id='word_1_168' title='bbox 986 2772 1134 2848; x_wconf 87' lang='lat' dir='ltr'><strong>praescius</strong></span> <span class='ocrx_word' id='word_1_169' title='bbox 1148 2781 1215 2833; x_wconf 89' lang='lat' dir='ltr'><strong>ante</strong></span> <span class='ocrx_word' id='word_1_170' title='bbox 1233 2776 1395 2848; x_wconf 84' lang='lat' dir='ltr'><strong>peceatum.</strong></span> 
     </span>
     <span class='ocr_line' id='line_1_26' title="bbox 330 2861 1445 2935; baseline 0 -13"><span class='ocrx_word' id='word_1_171' title='bbox 330 2863 413 2922; x_wconf 86' lang='lat' dir='ltr'>XVII</span> <span class='ocrx_word' id='word_1_172' title='bbox 435 2863 529 2921; x_wconf 83' lang='lat' dir='ltr'><strong>Adam</strong></span> <span class='ocrx_word' id='word_1_173' title='bbox 552 2865 618 2921; x_wconf 88' lang='lat' dir='ltr'><strong>ante</strong></span> <span class='ocrx_word' id='word_1_174' title='bbox 642 2865 792 2935; x_wconf 87' lang='lat' dir='ltr'><strong>peccatum</strong></span> <span class='ocrx_word' id='word_1_175' title='bbox 816 2861 854 2919; x_wconf 91' lang='lat' dir='ltr'><strong>ad</strong></span> <span class='ocrx_word' id='word_1_176' title='bbox 878 2865 986 2920; x_wconf 90' lang='lat' dir='ltr'><strong>certum</strong></span> <span class='ocrx_word' id='word_1_177' title='bbox 1010 2862 1124 2920; x_wconf 90' lang='lat' dir='ltr'><strong>modum</strong></span> <span class='ocrx_word' id='word_1_178' title='bbox 1148 2863 1261 2922; x_wconf 87' lang='lat' dir='ltr'><strong>beatus.</strong></span> <span class='ocrx_word' id='word_1_179' title='bbox 1415 2883 1445 2922; x_wconf 83' lang='lat' dir='ltr'><strong>ss</strong></span> 
     </span>
     <span class='ocr_line' id='line_1_27' title="bbox 318 2949 1398 3027; baseline 0 -17"><span class='ocrx_word' id='word_1_180' title='bbox 318 2951 416 3011; x_wconf 88' lang='lat' dir='ltr'>XVIII</span> <span class='ocrx_word' id='word_1_181' title='bbox 437 2951 493 3011; x_wconf 88' lang='lat' dir='ltr'><strong>Hic</strong></span> <span class='ocrx_word' id='word_1_182' title='bbox 527 2951 722 3026; x_wconf 85' lang='lat' dir='ltr'><strong>opinationem</strong></span> <span class='ocrx_word' id='word_1_183' title='bbox 756 2950 936 3025; x_wconf 87' lang='lat' dir='ltr'><strong>quorundam</strong></span> <span class='ocrx_word' id='word_1_184' title='bbox 968 2949 1084 3022; x_wconf 88' lang='lat' dir='ltr'><strong>subicit,</strong></span> <span class='ocrx_word' id='word_1_185' title='bbox 1118 2951 1168 3026; x_wconf 89' lang='lat' dir='ltr'><strong>qui</strong></span> <span class='ocrx_word' id='word_1_186' title='bbox 1200 2951 1257 3012; x_wconf 91' lang='lat' dir='ltr'><strong>dno</strong></span> <span class='ocrx_word' id='word_1_187' title='bbox 1288 2968 1398 3027; x_wconf 86' lang='lat' dir='ltr'><strong>genera</strong></span> 
     </span>
     <span class='ocr_line' id='line_1_28' title="bbox 438 3039 1398 3114; baseline 0.002 -16"><span class='ocrx_word' id='word_1_188' title='bbox 438 3039 607 3114; x_wconf 87' lang='lat' dir='ltr'><strong>angelorum</strong></span> <span class='ocrx_word' id='word_1_189' title='bbox 634 3039 776 3099; x_wconf 87' lang='lat' dir='ltr'><strong>bonorum</strong></span> <span class='ocrx_word' id='word_1_190' title='bbox 807 3042 948 3098; x_wconf 85' lang='lat' dir='ltr'><strong>conantur</strong></span> <span class='ocrx_word' id='word_1_191' title='bbox 979 3040 1139 3112; x_wconf 86' lang='lat' dir='ltr'><strong>adstruere,</strong></span> <span class='ocrx_word' id='word_1_192' title='bbox 1172 3039 1339 3100; x_wconf 84' lang='lat' dir='ltr'><strong>interiorum</strong></span> <span class='ocrx_word' id='word_1_193' title='bbox 1368 3044 1398 3099; x_wconf 92' lang='lat' dir='ltr'><strong>et</strong></span> 
     </span>
     <span class='ocr_line' id='line_1_29' title="bbox 437 3128 1186 3204; baseline 0 -16"><span class='ocrx_word' id='word_1_194' title='bbox 437 3128 626 3204; x_wconf 85' lang='lat' dir='ltr'><strong>superiorum,</strong></span> <span class='ocrx_word' id='word_1_195' title='bbox 651 3129 890 3202; x_wconf 91' lang='lat' dir='ltr'><strong>superaelestium</strong></span> <span class='ocrx_word' id='word_1_196' title='bbox 914 3133 943 3187; x_wconf 91' lang='lat' dir='ltr'><strong>et</strong></span> <span class='ocrx_word' id='word_1_197' title='bbox 964 3129 1186 3188; x_wconf 84' lang='lat' dir='ltr'><strong>mundanorum.</strong></span> 
     </span>
     <span class='ocr_line' id='line_1_30' title="bbox 302 3217 1397 3293; baseline 0 -15"><span class='ocrx_word' id='word_1_198' title='bbox 302 3218 416 3278; x_wconf 89' lang='lat' dir='ltr'>XVIIII</span> <span class='ocrx_word' id='word_1_199' title='bbox 438 3217 523 3277; x_wconf 84' lang='lat' dir='ltr'><strong>Suam</strong></span> <span class='ocrx_word' id='word_1_200' title='bbox 557 3217 755 3292; x_wconf 84' lang='lat' dir='ltr'><strong>opinationem</strong></span> <span class='ocrx_word' id='word_1_201' title='bbox 788 3217 968 3293; x_wconf 87' lang='lat' dir='ltr'><strong>quaestionis</strong></span> <span class='ocrx_word' id='word_1_202' title='bbox 1004 3217 1145 3277; x_wconf 88' lang='lat' dir='ltr'><strong>uiolentia</strong></span> <span class='ocrx_word' id='word_1_203' title='bbox 1177 3221 1323 3279; x_wconf 81' lang='lat' dir='ltr'><strong>coartatus</strong></span> <span class='ocrx_word' id='word_1_204' title='bbox 1360 3219 1397 3278; x_wconf 94' lang='lat' dir='ltr'><strong>de</strong></span> 
     </span>
     <span class='ocr_line' id='line_1_31' title="bbox 438 3306 1444 3381; baseline 0.003 -16"><span class='ocrx_word' id='word_1_205' title='bbox 438 3306 553 3367; x_wconf 76' lang='lat' dir='ltr'><strong>diabolo</strong></span> <span class='ocrx_word' id='word_1_206' title='bbox 577 3306 661 3381; x_wconf 90' lang='lat' dir='ltr'><strong>ponit</strong></span> <span class='ocrx_word' id='word_1_207' title='bbox 683 3324 827 3380; x_wconf 91' lang='lat' dir='ltr'><strong>suspensa</strong></span> <span class='ocrx_word' id='word_1_208' title='bbox 848 3309 947 3366; x_wconf 88' lang='lat' dir='ltr'><strong>tamen</strong></span> <span class='ocrx_word' id='word_1_209' title='bbox 969 3307 1179 3369; x_wconf 88' lang='lat' dir='ltr'><strong>adfirmatione.</strong></span> <span class='ocrx_word' id='word_1_210' title='bbox 1415 3328 1444 3368; x_wconf 87' lang='lat' dir='ltr'><strong>so</strong></span> 
     </span>
    </p>

    <p class='ocr_par' dir='ltr' id='par_1_18' title="bbox 360 3392 1396 3472">
     <span class='ocr_line' id='line_1_32' title="bbox 360 3392 1396 3472; baseline 0.001 -17"><span class='ocrx_word' id='word_1_211' title='bbox 360 3395 412 3455; x_wconf 91' lang='lat' dir='ltr'><strong>XX</strong></span> <span class='ocrx_word' id='word_1_212' title='bbox 435 3395 511 3466; x_wconf 74' lang='lat' dir='ltr'><strong>Quid</strong></span> <span class='ocrx_word' id='word_1_213' title='bbox 544 3395 582 3454; x_wconf 92' lang='lat' dir='ltr'><strong>sit</strong></span> <span class='ocrx_word' id='word_1_214' title='bbox 612 3395 728 3454; x_wconf 89' lang='lat' dir='ltr'><strong>initium</strong></span> <span class='ocrx_word' id='word_1_215' title='bbox 758 3395 899 3470; x_wconf 84' lang='lat' dir='ltr'><strong>figmenti,</strong></span> <span class='ocrx_word' id='word_1_216' title='bbox 934 3397 1012 3470; x_wconf 89' lang='lat' dir='ltr'><strong>quod</strong></span> <span class='ocrx_word' id='word_1_217' title='bbox 1044 3397 1098 3455; x_wconf 88' lang='lat' dir='ltr'><strong>sub</strong></span> <span class='ocrx_word' id='word_1_218' title='bbox 1131 3414 1258 3472; x_wconf 89' lang='lat' dir='ltr'><strong>persona</strong></span> <span class='ocrx_word' id='word_1_219' title='bbox 1285 3392 1396 3456; x_wconf 87' lang='lat' dir='ltr'><strong>diaboli</strong></span> 
     </span>
    </p>

    <p class='ocr_par' dir='ltr' id='par_1_19' title="bbox 438 3484 695 3560">
     <span class='ocr_line' id='line_1_33' title="bbox 438 3484 695 3560; baseline 0 -16"><span class='ocrx_word' id='word_1_220' title='bbox 438 3485 556 3560; x_wconf 90' lang='lat' dir='ltr'><strong>ponitur</strong></span> <span class='ocrx_word' id='word_1_221' title='bbox 578 3484 609 3542; x_wconf 91' lang='lat' dir='ltr'><strong>in</strong></span> <span class='ocrx_word' id='word_1_222' title='bbox 632 3485 695 3544; x_wconf 91' lang='lat' dir='ltr'><strong>Iob.</strong></span> 
     </span>
    </p>

    <p class='ocr_par' dir='ltr' id='par_1_20' title="bbox 320 3573 1444 3827">
     <span class='ocr_line' id='line_1_34' title="bbox 348 3573 1341 3648; baseline 0.001 -16"><span class='ocrx_word' id='word_1_223' title='bbox 348 3574 414 3632; x_wconf 89' lang='lat' dir='ltr'><strong>XXI</strong></span> <span class='ocrx_word' id='word_1_224' title='bbox 437 3574 519 3644; x_wconf 84' lang='lat' dir='ltr'><strong>Quod</strong></span> <span class='ocrx_word' id='word_1_225' title='bbox 544 3591 611 3648; x_wconf 88' lang='lat' dir='ltr'><strong>ergo</strong></span> <span class='ocrx_word' id='word_1_226' title='bbox 634 3575 753 3648; x_wconf 87' lang='lat' dir='ltr'><strong>putatur</strong></span> <span class='ocrx_word' id='word_1_227' title='bbox 776 3573 909 3634; x_wconf 87' lang='lat' dir='ltr'><strong>diabolus</strong></span> <span class='ocrx_word' id='word_1_228' title='bbox 932 3573 963 3632; x_wconf 94' lang='lat' dir='ltr'><strong>in</strong></span> <span class='ocrx_word' id='word_1_229' title='bbox 985 3573 1109 3633; x_wconf 85' lang='lat' dir='ltr'><strong>ueritate</strong></span> <span class='ocrx_word' id='word_1_230' title='bbox 1133 3592 1191 3634; x_wconf 88' lang='lat' dir='ltr'><strong>nou</strong></span> <span class='ocrx_word' id='word_1_231' title='bbox 1214 3574 1341 3634; x_wconf 88' lang='lat' dir='ltr'><strong>stetisse.</strong></span> 
     </span>
     <span class='ocr_line' id='line_1_35' title="bbox 335 3663 1395 3737; baseline 0 -15"><span class='ocrx_word' id='word_1_232' title='bbox 335 3663 416 3722; x_wconf 89' lang='lat' dir='ltr'>XXII</span> <span class='ocrx_word' id='word_1_233' title='bbox 438 3665 481 3723; x_wconf 90' lang='lat' dir='ltr'><strong>De</strong></span> <span class='ocrx_word' id='word_1_234' title='bbox 505 3663 620 3724; x_wconf 88' lang='lat' dir='ltr'><strong>diabolo</strong></span> <span class='ocrx_word' id='word_1_235' title='bbox 639 3663 670 3721; x_wconf 92' lang='lat' dir='ltr'><strong>in</strong></span> <span class='ocrx_word' id='word_1_236' title='bbox 683 3663 780 3732; x_wconf 81' lang='lat' dir='ltr'><strong>Esaia,</strong></span> <span class='ocrx_word' id='word_1_237' title='bbox 802 3663 945 3737; x_wconf 91' lang='lat' dir='ltr'><strong>quomodo</strong></span> <span class='ocrx_word' id='word_1_238' title='bbox 965 3663 1102 3723; x_wconf 87' lang='lat' dir='ltr'><strong>ceciderit</strong></span> <span class='ocrx_word' id='word_1_239' title='bbox 1120 3664 1155 3723; x_wconf 90' lang='lat' dir='ltr'><strong>de</strong></span> <span class='ocrx_word' id='word_1_240' title='bbox 1180 3664 1259 3724; x_wconf 91' lang='lat' dir='ltr'><strong>caelo</strong></span> <span class='ocrx_word' id='word_1_241' title='bbox 1283 3663 1395 3723; x_wconf 83' lang='lat' dir='ltr'><strong>lucifer.</strong></span> 
     </span>
     <span class='ocr_line' id='line_1_36' title="bbox 320 3751 1444 3827; baseline 0.002 -17"><span class='ocrx_word' id='word_1_242' title='bbox 320 3752 417 3811; x_wconf 82' lang='lat' dir='ltr'>XXIII</span> <span class='ocrx_word' id='word_1_243' title='bbox 441 3753 551 3827; x_wconf 86' lang='lat' dir='ltr'><strong>Corpus</strong></span> <span class='ocrx_word' id='word_1_244' title='bbox 575 3751 683 3811; x_wconf 89' lang='lat' dir='ltr'><strong>diaboli</strong></span> <span class='ocrx_word' id='word_1_245' title='bbox 708 3751 778 3810; x_wconf 89' lang='lat' dir='ltr'><strong>dicit</strong></span> <span class='ocrx_word' id='word_1_246' title='bbox 800 3751 832 3811; x_wconf 91' lang='lat' dir='ltr'><strong>in</strong></span> <span class='ocrx_word' id='word_1_247' title='bbox 854 3751 1020 3811; x_wconf 89' lang='lat' dir='ltr'><strong>hominibus</strong></span> <span class='ocrx_word' id='word_1_248' title='bbox 1040 3755 1068 3811; x_wconf 93' lang='lat' dir='ltr'><strong>et</strong></span> <span class='ocrx_word' id='word_1_249' title='bbox 1086 3753 1233 3812; x_wconf 88' lang='lat' dir='ltr'><strong>diabolum</strong></span> <span class='ocrx_word' id='word_1_250' title='bbox 1251 3753 1396 3813; x_wconf 91' lang='lat' dir='ltr'><strong>hominem</strong></span> <span class='ocrx_word' id='word_1_251' title='bbox 1414 3771 1444 3812; x_wconf 76' lang='lat' dir='ltr'><strong>ss</strong></span> 
     </span>
    </p>

    <p class='ocr_par' dir='ltr' id='par_1_21' title="bbox 304 3840 1399 4094">
     <span class='ocr_line' id='line_1_37' title="bbox 438 3840 1399 3916; baseline 0.001 -16"><span class='ocrx_word' id='word_1_252' title='bbox 438 3842 579 3916; x_wconf 87' lang='lat' dir='ltr'><strong>appellari</strong></span> <span class='ocrx_word' id='word_1_253' title='bbox 598 3844 627 3900; x_wconf 94' lang='lat' dir='ltr'><strong>et</strong></span> <span class='ocrx_word' id='word_1_254' title='bbox 644 3840 789 3900; x_wconf 89' lang='lat' dir='ltr'><strong>hominem</strong></span> <span class='ocrx_word' id='word_1_255' title='bbox 810 3840 957 3900; x_wconf 87' lang='lat' dir='ltr'><strong>diabolum</strong></span> <span class='ocrx_word' id='word_1_256' title='bbox 977 3841 1048 3900; x_wconf 89' lang='lat' dir='ltr'><strong>dicit</strong></span> <span class='ocrx_word' id='word_1_257' title='bbox 1065 3841 1240 3901; x_wconf 90' lang='lat' dir='ltr'><strong>testimoniis</strong></span> <span class='ocrx_word' id='word_1_258' title='bbox 1255 3843 1399 3902; x_wconf 58' lang='lat' dir='ltr'><strong>roborari:</strong></span> 
     </span>
     <span class='ocr_line' id='line_1_38' title="bbox 304 3929 1397 4006; baseline 0.001 -17"><span class='ocrx_word' id='word_1_259' title='bbox 304 3929 416 3989; x_wconf 89' lang='lat' dir='ltr'>XXIIII</span> <span class='ocrx_word' id='word_1_260' title='bbox 436 3931 510 3988; x_wconf 91' lang='lat' dir='ltr'><strong>Item</strong></span> <span class='ocrx_word' id='word_1_261' title='bbox 534 3931 569 3988; x_wconf 92' lang='lat' dir='ltr'><strong>de</strong></span> <span class='ocrx_word' id='word_1_262' title='bbox 594 3929 709 3990; x_wconf 86' lang='lat' dir='ltr'><strong>diabolo</strong></span> <span class='ocrx_word' id='word_1_263' title='bbox 733 3933 762 3989; x_wconf 92' lang='lat' dir='ltr'><strong>et</strong></span> <span class='ocrx_word' id='word_1_264' title='bbox 786 3930 847 3989; x_wconf 90' lang='lat' dir='ltr'><strong>eius</strong></span> <span class='ocrx_word' id='word_1_265' title='bbox 871 3946 990 4004; x_wconf 88' lang='lat' dir='ltr'><strong>corpore</strong></span> <span class='ocrx_word' id='word_1_266' title='bbox 1012 3930 1044 3988; x_wconf 88' lang='lat' dir='ltr'><strong>in</strong></span> <span class='ocrx_word' id='word_1_267' title='bbox 1066 3929 1218 3990; x_wconf 84' lang='lat' dir='ltr'><strong>Ezechiele</strong></span> <span class='ocrx_word' id='word_1_268' title='bbox 1245 3931 1276 3990; x_wconf 94' lang='lat' dir='ltr'><strong>in</strong></span> <span class='ocrx_word' id='word_1_269' title='bbox 1303 3932 1397 4006; x_wconf 88' lang='lat' dir='ltr'><strong>figura</strong></span> 
     </span>
     <span class='ocr_line' id='line_1_39' title="bbox 437 4018 678 4094; baseline 0.012 -17"><span class='ocrx_word' id='word_1_270' title='bbox 437 4018 579 4093; x_wconf 80' lang='lat' dir='ltr'><strong>prinpris</strong></span> <span class='ocrx_word' id='word_1_271' title='bbox 601 4018 678 4094; x_wconf 84' lang='lat' dir='ltr'><strong>Tyri.</strong></span> 
     </span>
    </p>

    <p class='ocr_par' dir='ltr' id='par_1_22' title="bbox 339 4106 1578 4487">
     <span class='ocr_line' id='line_1_40' title="bbox 339 4107 1140 4185; baseline -0.001 -18"><span class='ocrx_word' id='word_1_272' title='bbox 339 4108 417 4168; x_wconf 86' lang='lat' dir='ltr'><strong>XXV</strong></span> <span class='ocrx_word' id='word_1_273' title='bbox 440 4108 497 4168; x_wconf 89' lang='lat' dir='ltr'><strong>Hic</strong></span> <span class='ocrx_word' id='word_1_274' title='bbox 519 4125 601 4168; x_wconf 90' lang='lat' dir='ltr'><strong>suam</strong></span> <span class='ocrx_word' id='word_1_275' title='bbox 625 4107 852 4182; x_wconf 84' lang='lat' dir='ltr'><strong>complexionem</strong></span> <span class='ocrx_word' id='word_1_276' title='bbox 874 4109 1002 4168; x_wconf 86' lang='lat' dir='ltr'><strong>breuiter</strong></span> <span class='ocrx_word' id='word_1_277' title='bbox 1025 4109 1140 4185; x_wconf 88' lang='lat' dir='ltr'><strong>repetit.</strong></span> 
     </span>
    </p>
   </div>
   <div class='ocr_carea' id='block_1_5' title="bbox 252 4259 1399 4473">
    <p class='ocr_par' dir='ltr' id='par_1_23' title="bbox 252 4259 1399 4473">
     <span class='ocr_line' id='line_1_41' title="bbox 289 4259 1394 4331; baseline 0.002 -19"><span class='ocrx_word' id='word_1_278' title='bbox 289 4259 385 4328; x_wconf 77' lang='lat' dir='ltr'><strong>VHie]</strong></span> <span class='ocrx_word' id='word_1_279' title='bbox 406 4260 429 4312; x_wconf 89' lang='lat' dir='ltr'><strong>si</strong></span> <span class='ocrx_word' id='word_1_280' title='bbox 518 4259 623 4329; x_wconf 86' lang='lat' dir='ltr'><strong>8quur</strong></span> <span class='ocrx_word' id='word_1_281' title='bbox 642 4261 703 4327; x_wconf 86' lang='lat' dir='ltr'><strong>(alt.</strong></span> <span class='ocrx_word' id='word_1_282' title='bbox 722 4276 739 4314; x_wconf 87' lang='lat' dir='ltr'><strong>u</strong></span> <span class='ocrx_word' id='word_1_283' title='bbox 758 4275 779 4314; x_wconf 84' lang='lat' dir='ltr'><strong>s.</strong></span> <span class='ocrx_word' id='word_1_284' title='bbox 802 4261 820 4314; x_wconf 85' lang='lat' dir='ltr'><strong>l.</strong></span> <span class='ocrx_word' id='word_1_285' title='bbox 838 4261 917 4328; x_wconf 84' lang='lat' dir='ltr'><strong>m.1)</strong></span> <span class='ocrx_word' id='word_1_286' title='bbox 1006 4261 1167 4331; x_wconf 83' lang='lat' dir='ltr'><strong>9queestio</strong></span> <span class='ocrx_word' id='word_1_287' title='bbox 1191 4261 1217 4328; x_wconf 89' lang='lat' dir='ltr'><strong>(e</strong></span> <span class='ocrx_word' id='word_1_288' title='bbox 1234 4275 1256 4314; x_wconf 84' lang='lat' dir='ltr'><strong>a.</strong></span> <span class='ocrx_word' id='word_1_289' title='bbox 1276 4260 1295 4314; x_wconf 84' lang='lat' dir='ltr'><strong>l.</strong></span> <span class='ocrx_word' id='word_1_290' title='bbox 1313 4263 1394 4327; x_wconf 72' lang='lat' dir='ltr'><strong>sai)</strong></span> 
     </span>
     <span class='ocr_line' id='line_1_42' title="bbox 254 4330 1399 4404; baseline 0.001 -19"><span class='ocrx_word' id='word_1_291' title='bbox 254 4330 459 4385; x_wconf 72' lang='lat' dir='ltr'><strong>ramesienses</strong></span> <span class='ocrx_word' id='word_1_292' title='bbox 479 4331 498 4398; x_wconf 89' lang='lat' dir='ltr'><strong>(i</strong></span> <span class='ocrx_word' id='word_1_293' title='bbox 516 4347 537 4386; x_wconf 87' lang='lat' dir='ltr'><strong>s.</strong></span> <span class='ocrx_word' id='word_1_294' title='bbox 559 4332 576 4386; x_wconf 88' lang='lat' dir='ltr'><strong>l.</strong></span> <span class='ocrx_word' id='word_1_295' title='bbox 595 4349 630 4386; x_wconf 86' lang='lat' dir='ltr'><strong>m.</strong></span> <span class='ocrx_word' id='word_1_296' title='bbox 649 4333 673 4400; x_wconf 88' lang='lat'><strong>1)</strong></span> <span class='ocrx_word' id='word_1_297' title='bbox 743 4331 777 4385; x_wconf 88' lang='grc'><strong>16</strong></span> <span class='ocrx_word' id='word_1_298' title='bbox 795 4331 944 4386; x_wconf 80' lang='lat' dir='ltr'><strong>inridentis</strong></span> <span class='ocrx_word' id='word_1_299' title='bbox 1012 4333 1044 4386; x_wconf 87' lang='grc'><strong>19</strong></span> <span class='ocrx_word' id='word_1_300' title='bbox 1063 4333 1185 4404; x_wconf 88' lang='lat' dir='ltr'><strong>pribetus</strong></span> <span class='ocrx_word' id='word_1_301' title='bbox 1252 4331 1288 4385; x_wconf 76' lang='lat'><strong>25</strong></span> <span class='ocrx_word' id='word_1_302' title='bbox 1305 4330 1399 4386; x_wconf 84' lang='lat' dir='ltr'><strong>beatis</strong></span> 
     </span>
     <span class='ocr_line' id='line_1_43' title="bbox 252 4400 777 4473; baseline -0.004 -15"><span class='ocrx_word' id='word_1_303' title='bbox 252 4401 360 4458; x_wconf 77' lang='lat' dir='ltr'><strong>tonici</strong></span> <span class='ocrx_word' id='word_1_304' title='bbox 414 4401 448 4456; x_wconf 89' lang='grc'><strong>39</strong></span> <span class='ocrx_word' id='word_1_305' title='bbox 466 4400 586 4456; x_wconf 88' lang='lat' dir='ltr'><strong>brebiter</strong></span> <span class='ocrx_word' id='word_1_306' title='bbox 657 4403 777 4473; x_wconf 86' lang='lat' dir='ltr'><strong>repperit</strong></span> 
     </span>
    </p>
   </div>
   <div class='ocr_carea' id='block_1_6' title="bbox 0 0 1584 4950">
    <p class='ocr_par' dir='ltr' id='par_1_24' title="bbox 0 0 1584 4950">
     <span class='ocr_line' id='line_1_44' title="bbox 0 0 1584 4950; baseline 0 0"><span class='ocrx_word' id='word_1_307' title='bbox 0 0 1584 4950; x_wconf 95' lang='lat' dir='ltr'><strong> </strong></span> 
     </span>
    </p>
   </div>
  </div>
 </body>
</html>
