3159 4950
230 460 295 524 614
600 459 626 512 S.
655 458 793 512 Aureli
821 458 1040 528 Augustini

276 652 318 715 II.
342 651 393 717 Ut
424 649 560 716 sciatis
593 650 692 716 uiam
725 670 833 735 quam
866 651 977 717 ibitis
1008 671 1100 721 eam:
1132 654 1264 735 plenum
1289 656 1384 729 esset,

233 760 329 823 otiam
352 758 381 823 si
403 778 466 823 non
488 757 621 823 haberet
647 765 776 836 ‚eam“.

276 865 404 931 111111
434 865 578 929 factum
611 868 669 930 est
701 884 783 929 cum
816 868 920 929 esset
943 865 1052 930 Iesus
1080 866 1117 929 in
1141 865 1386 934 Iericho.no-

231 971 328 1036 tanda
357 971 479 1038 locutio
512 973 574 1048 est;
607 969 750 1035 nondum
783 972 902 1055 quippe
935 972 1078 1037 ananim
1103 972 1213 1037 eadem
1242 973 1385 1050 ciuitate,

233 1078 325 1143 cuius
355 1080 466 1160 portae
498 1080 608 1143 contra
638 1076 712 1141 illos
745 1078 873 1142 alausas
901 1077 1039 1143 fuerant:
1073 1077 1157 1142 unde
1180 1077 1301 1143 factum
1325 1082 1385 1154 est,
1419 1106 1434 1145 a

234 1187 270 1247 ut
301 1184 332 1248 in
365 1203 435 1249 eam
466 1184 583 1248 intrare
615 1202 678 1247 non
710 1188 853 1266 possent,
887 1183 949 1249 nisi
981 1183 1064 1249 muri
1092 1185 1161 1249 eins
1194 1184 1387 1250 cecidissent

233 1292 426 1356 circumacta
457 1310 529 1356 arca
560 1290 681 1356 domiui
699 1339 706 1355 .
724 1309 799 1374 ergo
832 1290 869 1355 in
902 1290 1053 1355 Iericho
1091 1290 1213 1356 dictum
1251 1296 1315 1357 est:
1352 1291 1386 1355 in

233 1402 327 1476 terra,
351 1417 431 1481 qnae
453 1398 625 1481 pertineret
648 1398 688 1463 ad
710 1397 843 1462 Iericho.

278 1505 352 1571 ΠΗ.
376 1506 425 1569 De
446 1504 569 1569 Iericho
594 1504 716 1569 dictum
741 1506 801 1583 est,
826 1522 899 1569 cum
927 1503 1038 1569 clausa
1066 1507 1166 1571 osset:
1195 1522 1262 1569 nec
1285 1502 1386 1586 quis-

236 1632 345 1696 quam
383 1630 424 1675 er
460 1612 530 1676 illa
565 1610 744 1693 prodibat
780 1630 901 1693 nequo
938 1610 1139 1676 introibat:
1182 1611 1293 1694 utique
1334 1611 1432 1687 „iuro

234 1719 342 1783 iilam*
383 1718 582 1796 subaudiim,
620 1735 681 1781 nou
727 1737 783 1795 ‚ex
822 1718 912 1795 illa“;
954 1716 1015 1783 hoc
1056 1719 1235 1801 appellatur
1275 1736 1386 1801 graece

235 1827 346 1908 ζεῦγμα
367 1826 433 1887 κατ’
457 1822 594 1909 ἔλλειψιν.

279 1930 319 1994 V.
344 1930 500 1996 Dominus
525 1932 603 1997 dicit
625 1933 665 1997 ad
688 1933 812 1997 Iesum:
837 1950 924 1997 ecco
949 1950 1016 2017 ego
1040 1931 1148 1998 trado
1187 1930 1262 1995 tibi
1303 1930 1385 1995 sub-

235 2037 403 2122 iugatum
423 2037 571 2104 Iericho
596 2043 780 2123 stragem
806 2038 888 2103 cius
912 2038 975 2121 qui
1000 2038 1118 2103 estin
1143 2056 1184 2103 ea
1207 2039 1384 2120 potantes

236 2143 475 2209 fortitudine.
499 2145 686 2223 mirandum,
711 2145 796 2227 quod
823 2164 885 2210 non
913 2144 965 2209 hic
992 2146 1103 2228 posuit
1131 2144 1384 2209 coniunctionem
1404 2160 1428 2200 ιθ

237 2251 464 2332 copulatiuam,
487 2254 525 2315 ut
552 2251 684 2317 diceret:
710 2255 742 2316 et
772 2255 919 2334 potentes
951 2250 1147 2331 fortitudine,
1177 2270 1271 2334 quam
1305 2250 1386 2315 solet

237 2358 392 2440 scriptura
423 2360 489 2423 tam
521 2355 653 2422 adsidue
685 2376 811 2440 ponere,
841 2360 878 2422 ut
909 2356 1005 2423 etiam
1033 2357 1079 2423 ibi
1106 2357 1297 2435 inueniatur,
1331 2354 1385 2420 ubi

237 2484 367 2530 sensum
394 2464 508 2531 solitae
535 2464 707 2531 locutionis
734 2464 901 2549 inpediat.
918 2484 956 2530 an
985 2466 1018 2530 et
1040 2462 1162 2530 Iericho
1187 2462 1383 2530 strenuius

237 2571 315 2636 dicti
338 2575 415 2636 sunt
439 2575 636 2654 ,potentes
660 2571 930 2636 fortibudinei‘

281 2678 336 2743 VI.
360 2679 406 2743 Et
428 2679 528 2744 Raab
560 2678 800 2744 meretricem
833 2681 870 2742 et
902 2677 1048 2743 domum
1082 2681 1274 2761 paternam
1304 2677 1384 2742 eius
1401 2693 1426 2729 ²⁰

237 2785 463 2850 uiuificauit
485 2785 604 2862 Iesus,
629 2789 666 2850 et
690 2788 921 2851 commorata
950 2788 1008 2850 est
1035 2786 1075 2848 iu·
1096 2784 1243 2849 Israhel
1266 2803 1382 2866 usquc

238 2890 274 2954 in
311 2890 534 2956 hodiernum
572 2891 680 2956 diem.
716 2891 891 2956 notandum
915 2895 974 2970 est,
999 2890 1266 2974 quemadmodum
1303 2889 1386 2954 dicat

238 2997 409 3079 scriptura:
433 2996 614 3080 usquein
638 2997 861 3062 hodiernum
886 2997 994 3076 diem,
1019 2997 1104 3080 quod
1127 2996 1260 3061 adsidue
1284 2995 1382 3060 dicit.

238 3123 311 3168 nam
344 3105 376 3167 et
408 3103 447 3166 de
479 3103 640 3186 lapidibus
671 3103 738 3167 illis
772 3102 951 3182 duodecim,
986 3104 1041 3186 qui
1076 3103 1176 3186 positi
1213 3104 1298 3181 sunt,
1329 3101 1384 3165 uhi

237 3210 387 3275 Iordanes
421 3229 457 3273 ex
487 3208 553 3273 ima
585 3213 673 3293 parte
707 3209 880 3274 defluxerat
904 3212 936 3274 et
958 3229 995 3274 ex
1017 3214 1105 3294 parte
1130 3209 1290 3291 superiore
1314 3227 1385 3273 con·
1403 3219 1429 3258 ²⁵

238 3316 365 3381 stiterat
391 3334 464 3381 arca
489 3317 675 3379 transeunte
702 3316 755 3379 uel
782 3315 911 3398 populo,
935 3315 981 3380 ita
1004 3315 1126 3380 dictum
1150 3317 1208 3394 est,
1234 3314 1385 3397 quodibi

239 3426 346 3488 essent
363 3440 499 3505 ¹,usquo
514 3421 550 3485 in
570 3420 793 3485 hodiernum
813 3419 943 3484 diem“:
963 3420 1046 3503 quod
1062 3421 1189 3485 uidetur
1203 3420 1249 3485 ita
1264 3440 1383 3496 sonare,

329 3663 417 3720 1102.
436 3651 499 3729 ai
575 3665 652 3721 sn.
672 3666 699 3729 5,
719 3665 752 3719 ra
844 3663 1125 3733 bib.6,1(5,16)
1213 3663 1305 3719 1311).
1325 3664 1385 3727 or

239 3756 274 3809 20
292 3753 333 3810 Ib.
353 3755 378 3819 6,
398 3753 433 3808 25
453 3754 561 3818 θ14,9

274 3930 292 3984 3
316 3930 399 3999 esset]
424 3929 521 3983 essetis
539 3928 605 3983 Lau
695 3928 771 3982 Iesus
796 3944 848 3983 om.
867 3927 933 3983 Lso
1022 3929 1124 3984 hierico
1142 3929 1169 3983 L
1193 3928 1249 3996 (ita
1271 3931 1385 3998 amar)

239 4018 365 4073 Iericod
437 4018 605 4072 Icircaacta
623 4015 665 4070 N¹
746 4018 840 4088 tinec]
861 4019 929 4072 neh
1004 4018 1036 4072 12
1056 4035 1150 4072 zeunra
1169 4017 1321 4087 catellipsin
1340 4015 1389 4070 LS

240 4125 334 4162 reuma
353 4106 478 4176 cat-eiiysi
496 4106 530 4159 N
545 4123 639 4161 neuma
658 4109 719 4160 cata
738 4107 887 4178 eclipsInh
944 4107 977 4160 13
996 4107 1100 4161 ihesum
1119 4107 1146 4162 L
1202 4108 1235 4160 14
1254 4107 1297 4176 ea]
1316 4105 1389 4160 eos

240 4199 274 4251 15
293 4195 496 4250 coniuncioncm
515 4196 548 4249 N
638 4196 671 4249 19
689 4198 828 4266 potentes]
846 4199 979 4266 ponentes
998 4196 1030 4249 N
1107 4197 1142 4250 20
1160 4209 1210 4250 sec.
1230 4193 1289 4250 cod.
1307 4193 1386 4249 Aba.

240 4287 273 4338 21
292 4286 384 4338 ihesus
397 4284 424 4337 L
478 4286 512 4338 23
531 4301 633 4354 usquae
648 4285 682 4340 N
731 4286 767 4339 25
785 4285 905 4338 iordanis
920 4285 980 4338 de
997 4285 1108 4340 iordane
1128 4301 1173 4338 sex
1192 4283 1246 4351 (sic
1263 4284 1347 4350 coni.)
1362 4281 1388 4336 L

241 4391 295 4427 uua
316 4373 342 4426 T
393 4373 429 4425 26
448 4378 540 4426 esseut
558 4373 597 4425 ibi
617 4373 654 4427 hd
708 4373 742 4428 27
761 4374 891 4428 uiderunt
909 4374 943 4428 N
