3159 4950
437 464 479 519 de
507 465 649 519 Genesi
678 466 719 521 ad
747 468 928 521 litteram
959 468 1023 524 lib.
1053 468 1112 523 VII.
1273 476 1334 539 201

199 659 357 723 animam
376 661 586 728 uiuentem.
602 662 681 727 haec
696 663 792 727 uerba
807 662 980 747 scripturae
997 664 1089 730 nohis
1102 668 1133 729 et
1142 665 1175 728 in
1189 667 1343 749 principio

199 765 369 847 superioris
392 765 465 830 libri
485 766 713 831 consideranda
730 787 997 852 proposueramus
1016 774 1049 835 et
1068 772 1106 835 de
1125 771 1195 855 ipso
1215 774 1343 837 homine

197 870 282 935 sacto
296 872 492 954 maximeque
509 873 546 937 de
566 873 636 938 eius
655 866 794 957 corpore,
811 882 965 957 quantum
980 878 1058 943 satis
1079 878 1238 955 duximus
1260 880 1343 961 quod

197 978 372 1042 secundum
404 980 576 1063 scripturas
608 980 715 1045 uisum
747 986 807 1057 est,
841 982 1060 1051 disseruimus.
1099 984 1154 1051 sed
1193 989 1267 1068 quia
1305 986 1343 1051 de

168 1084 303 1149 sanima
329 1085 468 1149 humana
495 1105 556 1150 non
583 1106 682 1168 parua
710 1088 853 1170 quaestio
880 1092 939 1167 est,
964 1090 1109 1155 adhunc
1135 1108 1204 1155 eam
1228 1092 1343 1156 librum

198 1189 402 1255 differendam
442 1191 631 1274 putauimus
671 1194 860 1271 nescientes,
899 1199 1052 1278 quantum
1096 1214 1153 1261 nos
1195 1196 1343 1261 dominus

198 1296 364 1361 adiuturus
389 1301 476 1362 esset
497 1303 582 1363 recte
604 1300 694 1383 loqui
716 1301 860 1382 cupidos,
879 1302 961 1367 illud
979 1306 1083 1367 tamen
1104 1303 1252 1380 scientos,
1272 1304 1343 1376 nisi,

198 1408 352 1484 quantum
379 1404 448 1486 ipse
476 1404 650 1484 adiuuaret,
678 1412 764 1472 recte
793 1427 851 1473 nos
875 1427 936 1474 non
962 1428 1031 1475 esse
1055 1410 1229 1475 locuturos.
1258 1414 1343 1474 recte

198 1516 306 1574 autem
322 1514 373 1575 est
385 1512 543 1577 ueraciter
556 1514 651 1596 atque
666 1519 876 1599 congruenter
889 1516 970 1579 nihil
988 1516 1139 1579 audacter
1160 1514 1343 1591 refellendo,

155 1642 181 1681 ro
198 1616 277 1680 nihil
312 1620 432 1682 temere
469 1617 673 1692 adfirmando,
711 1620 788 1685 dum
826 1621 929 1687 adhuc
966 1622 1098 1687 dubium
1136 1626 1195 1699 est,
1232 1641 1344 1686 uernam

198 1722 354 1787 fmsumne
373 1726 425 1802 sit,
445 1726 515 1789 siue
537 1726 612 1791 fidei
634 1728 704 1792 siue
727 1728 879 1793 scientiae
904 1729 1103 1804 christianae,
1128 1728 1212 1809 quod
1236 1732 1343 1792 autem

199 1830 304 1897 doceri
326 1836 443 1915 potest,
466 1835 521 1897 uel
543 1854 647 1899 rorum
670 1836 791 1900 ratione
816 1837 1016 1919 apertissima
1039 1837 1092 1900 nel
1116 1836 1343 1918 scripturarum

199 1938 387 2003 auctoritate
411 1939 588 2005 certissima
612 1942 680 2007 sine
704 1943 907 2007 cunctatione
932 1942 1115 2007 adserendo.

241 2045 288 2109 Ac
314 2046 451 2127 primum
477 2047 559 2113 illud
581 2049 759 2116 uideamus.
783 2049 868 2131 quod
891 2048 1045 2132 scriptum
1070 2052 1134 2113 est:
1159 2049 1268 2113 fleuit
1290 2050 1344 2113 uel

155 2178 182 2217 aa
200 2152 373 2216 sufflauit
385 2152 422 2217 in
434 2152 571 2218 faciem
589 2154 671 2219 eius
686 2156 816 2219 flatum
833 2156 947 2220 uitae.
964 2156 1108 2219 nonnulli
1123 2154 1342 2220 enimcodices

199 2258 328 2324 habent:
353 2261 518 2344 spirauit
540 2264 594 2326 uel
615 2262 826 2345 inspirauit
844 2262 880 2325 in
899 2261 1035 2325 faciem
1060 2262 1152 2327 eius.
1186 2260 1243 2324 sed
1270 2278 1342 2324 cum

199 2366 303 2448 gruem
320 2365 459 2431 habeant
480 2363 668 2452 ἐνεφύσησεν,
688 2385 750 2431 non
770 2366 1063 2431 dubitaturflauit
1086 2366 1140 2429 uel
1163 2365 1343 2430 sufflauit

199 2490 268 2537 esse
292 2472 470 2539 meandum.
495 2474 724 2556 quaerebamus
748 2478 855 2538 autem
879 2475 910 2538 in
939 2475 1099 2556 superiore
1132 2492 1275 2539 sermone
1304 2472 1342 2538 de

198 2578 345 2644 manibus
360 2578 420 2656 dei,
437 2597 511 2643 curn
525 2579 620 2644 homo
634 2579 674 2644 de
688 2578 764 2644 limo
779 2579 934 2644 formatus
950 2579 1158 2663 cogitaretum
1174 2578 1251 2660 quid
1267 2597 1341 2663 ergo

155 2711 181 2750 ao
198 2704 282 2750 nunc
303 2684 472 2752 dicendum
497 2690 546 2751 est
568 2685 600 2749 in
621 2705 657 2751 eo
677 2687 761 2768 quod
779 2686 935 2768 scriptum
954 2691 1019 2750 est:
1041 2685 1216 2750 sufflauit
1239 2684 1341 2762 deus,

199 2792 259 2856 nisi
287 2792 361 2874 quia
389 2793 473 2858 sicut
500 2812 560 2858 non
589 2794 735 2859 manibus
760 2794 900 2878 corporis
924 2795 1023 2870 finxit,
1047 2795 1092 2858 ita
1115 2813 1172 2860 nec
1196 2792 1341 2859 faucibus

199 2897 332 2963 labiisue
356 2899 519 2963 sufflauit?

243 3003 362 3070 Uerum
380 3010 486 3070 tamm
509 3007 570 3072 hoc
593 3007 690 3072 uerho
715 3009 872 3091 scriptura
895 3009 926 3072 in
951 3008 1136 3091 quaestione
1155 3007 1343 3073 difficillima

197 3110 369 3193 plurimum
391 3131 460 3189 nos,
485 3117 638 3195 quantum
662 3115 781 3197 opinor,
807 3115 940 3181 adiuuit.

155 3245 181 3284 aa
244 3219 274 3282 2.
298 3217 381 3281 Nam
405 3237 478 3282 cum
502 3218 630 3300 quidam
654 3239 690 3284 er
714 3220 773 3284 hoc
798 3219 894 3284 uerbo
919 3219 1108 3285 crediderint
1131 3220 1250 3301 aliquid
1273 3201 1342 3284 esse

199 3323 336 3387 animam
360 3325 398 3389 de
421 3325 492 3408 ipsa
515 3325 775 3403 substantiale,
795 3326 897 3390 idest
925 3326 1066 3390 eiusdem
1085 3329 1225 3404 naturae,
1250 3325 1342 3390 cuius

198 3428 252 3493 ille
277 3432 337 3508 est,
360 3430 420 3496 hoc
444 3431 516 3497 ideo
539 3435 699 3515 putantes,
725 3433 797 3515 quia
821 3451 894 3497 cum
914 3433 1008 3498 homo
1028 3431 1146 3509 sufflat,
1165 3431 1285 3514 aliquid
1303 3431 1342 3494 de

217 3658 248 3710 ·1
269 3656 405 3712 uiuamS
477 3658 709 3728 2proposuemus
727 3660 755 3712 P
775 3659 963 3728 proposuimus
981 3657 1072 3714 Boou
1148 3657 1296 3728 3quatum
1315 3657 1345 3710 E

200 3745 313 3800 diximus
328 3745 371 3802 Ro
408 3746 860 3803 8adiubaretE¹adiuuaueritS
911 3747 1041 3802 rectaeR
1096 3745 1343 3801 uosom.EPth

197 3834 349 3905 loquituros
367 3835 395 3889 P
411 3836 571 3906 loquuturos
589 3836 618 3890 R
708 3837 785 3890 9est
805 3841 897 3890 autem
916 3836 1031 3892 PRSbcl
1121 3837 1155 3890 10
1179 3841 1297 3890 taemere
1316 3835 1343 3887 P

199 3926 232 3978 11
252 3923 386 3979 falsumne
405 3923 420 3977 h
512 3925 546 3980 13
565 3925 767 3990 concertissima
785 3925 815 3978 E
898 3923 1045 3979 adserendo
1064 3925 1103 3978 15¹
1123 3923 1300 3978 adserendum
1321 3921 1344 3975 S

201 4014 232 4067 15
251 4013 362 4068 suflauit
379 4013 410 4066 E
479 4013 511 4067 17
532 4013 605 4082 greci
623 4012 700 4068 ΒΕΘ
792 4013 895 4068 hubent
912 4013 994 4068 PRO
1082 4031 1241 4084 ενεφυσησεν
1260 4009 1342 4065 EPR

197 4119 377 4172 ηνηωοσηαην
403 4108 434 4168 (s.
462 4101 480 4155 i.
500 4101 619 4155 (11111111.
640 4104 653 4156 l
675 4119 740 4156 eueo
759 4119 785 4171 y.
807 4105 893 4167 sesan)
918 4101 1109 4172 Oeosprcqcsv
1129 4099 1305 4170 Sposqpuss
1325 4098 1340 4151 b

198 4189 309 4243 suflauit
325 4191 381 4244 ΕΡ
458 4191 493 4245 18
511 4191 644 4261 superiori
662 4189 741 4246 Rus
821 4192 856 4244 20
875 4191 984 4244 sufleuit
1002 4189 1058 4244 ΕΡ
1147 4189 1212 4242 deus
1232 4186 1341 4242 011111ι

197 4277 230 4330 21
250 4279 419 4348 corporeish
482 4279 517 4332 22
536 4278 670 4348 labiisque
689 4278 781 4334 Pana
853 4279 963 4334 suflauit
980 4279 1036 4333 ΕΡ
1097 4278 1132 4332 24
1151 4277 1266 4330 adiuuat
1283 4274 1343 4330 scd

198 4367 232 4419 27
251 4367 332 4420 suflat
349 4367 405 4421 ΕΡ
