3159 4950
235 438 300 503 376
571 438 597 491 S.
626 438 765 492 Aureli
792 439 1010 509 Augustini

235 632 423 715 oportunius
456 632 643 697 semebatnr
673 632 770 716 idque
803 633 908 718 egisse
940 638 1152 714 temtatorem,
1176 640 1214 702 ut
1240 654 1379 719 praecer-

234 739 349 819 pendo,
369 738 454 821 quod
476 740 616 803 nendum
640 739 760 805 talibus
784 740 988 825 congruebat,
1013 723 1207 809 offenderent
1230 744 1324 809 deum
1348 748 1380 809 et

234 845 274 909 ab
298 846 367 911 eius
394 846 441 910 rei
468 846 608 910 utilitate
641 846 855 911 alienarentur
887 847 1006 913 exclusi
1038 851 1134 930 atque
1167 850 1316 927 damnati,
1340 850 1380 915 ad

234 970 329 1034 quam
353 952 381 1017 si
404 972 462 1018 sue
486 955 640 1036 tempore,
665 953 751 1017 sicut
768 954 847 1018 deus
867 954 1006 1031 uolebat,
1030 955 1225 1035 accederent,
1249 962 1381 1041 possent

233 1079 271 1125 ea
299 1059 469 1125 salubriter
494 1059 625 1142 perimi.
658 1060 729 1138 boc,
753 1060 782 1125 si
805 1061 886 1126 torte
909 1062 1034 1147 lignum
1058 1063 1139 1127 illud
1162 1083 1223 1130 non
1248 1065 1288 1130 ad
1309 1084 1379 1148 pro·
1409 1088 1423 1127 s

231 1167 401 1249 prietatem
419 1170 457 1231 ut
473 1186 587 1232 uerum
605 1166 729 1251 lignum
748 1170 781 1231 et
799 1186 876 1231 uera
893 1186 988 1251 poma
1006 1168 1085 1247 eius,
1111 1169 1167 1234 sed
1186 1170 1226 1235 ad
1244 1170 1379 1255 figurem

232 1273 336 1338 uelint
357 1274 508 1357 accipere,
532 1273 648 1339 habeat
671 1274 790 1339 exitum
814 1275 952 1358 aliquem
971 1279 1076 1341 rectae
1095 1274 1169 1342 fidei
1187 1278 1378 1361 ueritatique

231 1380 439 1463 probabilem.

276 1487 391 1553 Uisum
410 1489 461 1553 est
479 1489 513 1552 et
530 1487 721 1570 quibusdam
740 1486 820 1553 dnos
843 1487 917 1553 illes
940 1488 1059 1571 primes
1083 1489 1228 1557 homines
1251 1492 1379 1575 nuptias

233 1614 309 1659 suas
332 1594 432 1659 luisse
454 1593 576 1658 furatos
600 1595 632 1658 et
654 1597 726 1657 ante
752 1594 871 1659 mixtos
900 1613 970 1660 esse
999 1596 1181 1673 concubitu,
1206 1617 1300 1681 quam
1325 1617 1378 1665 eos
1397 1618 1424 1659 ιο

233 1702 287 1783 qni
324 1703 485 1766 creauerat
521 1702 717 1781 copulasset:
755 1718 851 1782 quam
888 1720 956 1765 rem
992 1702 1121 1767 nomine
1158 1703 1238 1788 ligni
1279 1704 1377 1771 luisse

231 1808 453 1893 significatam,
484 1806 568 1871 unde
599 1806 752 1889 prohibiti
785 1809 883 1884 erant,
918 1806 1018 1872 donec
1051 1811 1207 1891 oportune
1236 1812 1378 1893 tempore

230 1915 446 1999 iungerentur.
470 1913 561 1997 qnasi
583 1932 660 1979 uero
682 1913 715 1979 in
739 1932 777 1977 ea
800 1916 903 1978 aetate
927 1914 1003 1979 lacti
1027 1932 1098 1979 esse
1122 1914 1269 1981 credendi
1292 1920 1377 1995 sunt,

230 2026 269 2087 ut
290 2021 483 2105 expectanda
506 2023 592 2085 esset
624 2020 792 2085 maturitas
817 2020 1005 2104 pubertatis,
1035 2024 1174 2087 autnon
1198 2022 1280 2087 illud
1302 2028 1378 2091 tunc

228 2127 409 2212 legitimum
441 2130 539 2205 esset,
572 2144 646 2192 cum
677 2126 815 2210 primum
853 2126 920 2191 fieri
956 2127 1123 2208 potuisset,
1161 2147 1234 2193 cnm
1271 2134 1377 2197 summ
1397 2150 1422 2189 n

230 2254 292 2300 non
314 2233 485 2317 potuisset,
504 2252 565 2298 nen
584 2232 696 2315 utique
718 2232 822 2308 fieret;
847 2232 909 2297 nisi
928 2232 1009 2297 forte
1030 2252 1148 2315 sponsa
1166 2238 1234 2299 erat
1253 2240 1376 2320 epatre

228 2341 382 2406 tradenda
403 2342 437 2404 et
460 2338 652 2422 expectanda
680 2341 746 2404 erat
772 2342 922 2405 uotomm
950 2340 1148 2406 sollemnitas
1177 2344 1210 2405 et
1237 2344 1379 2410 conuiuii

230 2448 396 2515 celebritas
425 2451 458 2514 et
485 2446 570 2513 dotis
598 2445 778 2512 aestimatio
804 2448 837 2512 et
859 2446 1051 2529 conscriptio
1080 2446 1274 2516 tabularum.
1305 2449 1377 2516 n'di·

230 2557 339 2621 culum
365 2555 451 2620 istuc
478 2558 541 2630 est;
569 2553 801 2638 praeterquod
829 2573 847 2618 a
873 2572 978 2620 rerum
1002 2557 1164 2638 gestarum
1187 2558 1377 2640 proprietate

231 2663 377 2739 discedit,
416 2681 510 2744 quam
547 2661 749 2742 suscepimus
786 2660 993 2725 adserendam
1027 2663 1069 2738 et,
1107 2668 1260 2743 quantum
1299 2664 1379 2730 deus
1396 2681 1424 2722 so

231 2770 347 2835 donare
368 2769 484 2844 uoluit,
508 2767 719 2832 adsumimus.

276 2879 330 2941 42.
366 2875 451 2939 illud
486 2873 591 2958 magis
628 2876 758 2950 mouet,
797 2873 824 2939 si
862 2873 925 2938 iam
968 2873 1120 2956 spiritalis
1163 2877 1230 2940 erat
1264 2875 1378 2949 Adam,

232 2981 379 3064 quamuis
402 2985 518 3057 mente,
543 2999 605 3044 non
630 2997 770 3064 corpore,
796 2979 954 3061 quomodo
979 2979 1105 3046 credere
1123 2982 1275 3064 potuerit,
1294 2983 1378 3066 qued

231 3109 287 3173 per
314 3091 491 3169 serpentem
521 3087 641 3150 dictum
671 3090 731 3162 est,
759 3087 831 3152 ideo
856 3087 951 3151 deum
974 3087 1186 3170 prohibuisse,
1212 3108 1250 3153 ne
1273 3091 1377 3154 linctu

230 3197 310 3280 ligni
332 3195 421 3259 illius
443 3198 657 3270 noscerentur,
681 3193 756 3276 qnia
779 3193 901 3258 sciebat
924 3213 990 3271 eos,
1014 3195 1042 3258 si
1064 3194 1228 3274 fecissent,
1253 3195 1377 3262 futuros
1395 3214 1423 3256 aa

231 3307 269 3367 ut
301 3301 376 3367 deos
408 3302 538 3383 propter
569 3299 799 3364 dinoscentiam
832 3299 905 3366 boni
939 3303 971 3364 et
1003 3300 1089 3378 mali,
1122 3303 1286 3384 tamquam
1317 3302 1378 3368 hoc

231 3412 357 3474 tantum
384 3407 502 3472 bonum
531 3408 692 3471 creaturae
721 3425 797 3470 suae
827 3409 948 3472 creator
975 3406 1127 3471 inuiderit
1146 3456 1153 3470 .
1174 3408 1235 3472 hoc
1263 3409 1377 3474 mirum

268 3567 282 3622 1
298 3564 476 3636 opportunius
489 3563 558 3620 ΕΜ
627 3563 809 3634 proserpendo
820 3563 843 3618 S
855 3562 1074 3633 praeoccupando
1090 3563 1128 3617 bd
1176 3566 1192 3617 2
1207 3563 1379 3620 offendereR

231 3654 393 3711 4accedere
411 3653 440 3706 P
518 3655 602 3722 iper
619 3653 760 3723 lignnmb
843 3654 985 3721 bpomma
1002 3653 1030 3708 R
1112 3653 1267 3708 ihabeant
1284 3653 1429 3710 E²PR·

231 3747 304 3799 recte
315 3741 422 3798 EPRS
492 3744 608 3799 ueritate
624 3759 692 3813 quoe
707 3742 735 3796 P
781 3741 1021 3812 acapxmna
1069 3743 1103 3797 10
1118 3741 1378 3813 iuratos]fntnrosb

233 3850 290 3888 esse
309 3848 361 3886 om.
381 3829 397 3883 b
472 3831 504 3885 12
524 3829 659 3902 prohibeti
680 3830 707 3885 P
724 3830 836 3900 proibiti
855 3829 882 3885 R
954 3833 1105 3900 opportuno
1124 3829 1155 3884 E
1172 3833 1323 3900 opportuno
1343 3829 1380 3884 ed

234 3921 267 3976 13
286 3919 362 3990 lacti]
381 3919 526 3990 inperfecti
545 3917 567 3972 S
675 3919 731 3972 sint
748 3917 798 3972 Re
890 3918 923 3972 14
945 3917 1113 3988 pubertastis
1134 3921 1156 3982 (s
1176 3932 1235 3988 cup.
1255 3935 1288 3972 m.
1309 3923 1332 3986 1)
1353 3919 1380 3971 P

233 4009 267 4063 18
290 4007 430 4061 extimetio
448 4005 479 4061 E
500 4005 636 4060 estimatio
657 4005 708 4060 PS
814 4005 975 4060 conscribtio
999 4005 1055 4060 ΕΡ
1145 4007 1177 4059 19
1200 4005 1274 4059 istud
1292 4003 1380 4061 Rde

231 4101 323 4168 preter
341 4093 365 4150 S
433 4095 469 4150 20
488 4094 610 4150 discedat
628 4096 643 4149 b
716 4095 751 4148 22
771 4095 850 4150 Hine
872 4096 990 4164 eccerptt
1007 4095 1166 4166 Eupippius
1184 4093 1223 4148 cd.
1243 4093 1334 4148 Ksed
1347 4113 1377 4164 p.

232 4189 302 4252 223,
320 4187 463 4252 10-225,
481 4187 530 4252 15)
639 4201 699 4252 cap.
725 4183 830 4239 XLIIII
853 4185 884 4240 Ε
963 4184 998 4239 24
1020 4183 1102 4238 tracti
1126 4183 1157 4238 Ε
1176 4183 1293 4237 fructum
1315 4181 1380 4253 Eup

232 4275 267 4327 25
290 4273 421 4329 iecissent
445 4278 489 4338 (nt
505 4289 526 4329 a.
547 4275 565 4327 1.
585 4289 620 4326 m.
638 4275 663 4341 1)
682 4273 712 4326 Ε
801 4273 835 4328 26
855 4273 1070 4344 dignoscentiam
1090 4271 1128 4326 bd
1216 4271 1278 4342 boc]
1296 4271 1338 4325 his
1358 4271 1382 4328 S

232 4363 266 4416 27
286 4363 405 4432 tantum]
425 4366 512 4416 toturn
533 4361 549 4414 b
622 4361 772 4414 inciderint
789 4363 817 4415 P
