3159 4950
172 432 245 505 ’92
569 441 596 493 S.
625 437 763 494 Aureli
793 437 1013 509 Augustini

200 637 406 718 peccaturum
429 653 488 700 nec
510 634 543 699 in
568 652 644 699 suae
668 633 818 718 imaginis
845 633 1039 718 perfectione
1066 653 1262 712 mansurum,
1286 653 1348 700 non

200 741 400 825 singillatim,
425 740 483 807 sed
506 759 580 806 cum
604 739 719 806 ceteris
742 759 817 806 eum
841 739 944 806 dicere
972 739 1078 806 uoluit
1103 739 1233 816 bonum,
1257 741 1349 806 uelut

199 847 363 924 intimans,
382 847 460 930 quid
479 850 566 913 esset
583 847 752 912 iutumm?
776 847 860 931 quis,
885 865 959 912 oum
983 865 1029 924 ea,
1054 863 1133 930 quaa
1155 845 1240 911 facts
1262 848 1347 923 sunt,
1431 833 1434 840 ’

198 953 231 1018 in
261 972 310 1030 so,
337 953 423 1037 quod
453 953 539 1019 facta
571 957 658 1034 sunt,
686 957 841 1037 quantum
869 956 1069 1036 acceperunt,
1097 955 1237 1031 monent,
1264 951 1350 1018 sicut

198 1060 253 1125 uel
283 1060 350 1139 ills,
383 1079 465 1143 quae
497 1080 559 1127 non
591 1064 815 1144 peccauerunt,
844 1061 898 1125 uel
924 1060 990 1138 ills,
1019 1078 1100 1144 quae
1126 1078 1258 1143 peceare
1286 1079 1350 1124 non
1379 1086 1393 1126 s

199 1171 345 1250 possunt,
375 1172 408 1233 et
430 1167 563 1253 singu-lo
589 1167 673 1232 bons
701 1171 734 1233 et
761 1168 794 1232 in
823 1166 974 1232 uniuerso
1003 1167 1109 1232 omnia
1140 1166 1234 1232 ualde
1265 1166 1350 1231 bonu

200 1277 287 1339 sunt.
312 1294 374 1340 non
399 1274 483 1340 enim
506 1274 625 1339 frustm
648 1277 699 1340 est
720 1273 885 1342 additum:
909 1273 1030 1353 ualde,
1055 1273 1131 1356 quia
1153 1275 1185 1338 et
1208 1272 1347 1356 corporis

197 1380 351 1460 membra,
381 1381 411 1446 si
437 1381 535 1446 etiam
563 1381 692 1465 singulo
717 1380 854 1464 pulchra
882 1384 967 1460 sunt,
999 1381 1101 1446 multo
1135 1382 1211 1446 sunt
1240 1381 1346 1444 tamen

197 1486 231 1552 in
254 1485 398 1552 uniuersi
421 1487 561 1571 corporis
585 1506 726 1572 conpage
749 1486 857 1553 omnia
879 1487 1078 1571 pulchriore3
1106 1486 1180 1570 quis
1208 1487 1348 1562 oculum,

198 1593 288 1658 uerbi
315 1593 427 1678 grstia,
456 1593 611 1678 placitum
639 1597 736 1677 atque
762 1593 939 1672 laudatum,
966 1598 1083 1670 temen,
1112 1593 1139 1658 si
1167 1596 1347 1676 separatum
1367 1619 1392 1657 ro

198 1716 217 1762 a
240 1717 370 1783 corporo
393 1698 588 1778 uideremus,
616 1718 678 1764 non
707 1699 885 1766 diceremus
914 1703 981 1766 tam
1003 1701 1173 1784 pulchrum
1196 1718 1291 1784 qusm
1313 1699 1350 1764 in

197 1802 254 1870 illa
278 1805 450 1870 conexione
471 1805 699 1883 membrorum,
719 1825 793 1871 cum
816 1806 887 1873 loco
912 1826 970 1872 suo
994 1807 1120 1890 positus
1142 1806 1175 1870 in
1197 1805 1346 1870 uniuerso

199 1929 327 1995 corpore
356 1915 546 1976 comeretur.
586 1931 623 1976 ea
649 1931 736 1993 uero,
765 1931 846 1995 quse
873 1913 1032 1998 peccando
1066 1913 1217 1978 emittm
1249 1911 1346 1978 decus

198 2017 373 2102 proprium,
406 2019 496 2085 nullo
528 2019 624 2084 modo
656 2022 763 2085 tamen
797 2019 950 2098 efficiunt,
982 2022 1020 2085 ut
1049 2039 1111 2086 non
1145 2019 1241 2085 etiam
1276 2019 1349 2102 ipss

198 2129 285 2190 recte
308 2124 453 2190 ordinatu
470 2143 545 2192 cum
563 2129 632 2192 toto
652 2129 747 2209 atque
764 2126 915 2192 uniuerso
934 2127 1019 2192 bons
1036 2125 1110 2194 sint.
1133 2128 1228 2194 horno
1247 2125 1347 2210 igitur
1364 2151 1391 2192 ιι

198 2235 270 2296 ante
289 2235 458 2316 peccatum
482 2236 515 2298 et
536 2234 569 2297 in
594 2251 652 2298 suo
676 2252 791 2318 genere
814 2233 924 2315 utique
947 2233 1049 2298 bonus
1073 2235 1154 2310 erae
1173 2232 1231 2298 sed
1249 2231 1345 2316 scrip-

196 2343 270 2402 tura
298 2339 514 2422 prsetsmoisit
545 2339 606 2405 hoo
639 2339 754 2417 dicere,
782 2342 821 2404 ut
848 2339 930 2404 illud
957 2339 1065 2422 potius
1098 2337 1227 2418 dicaret,
1260 2337 1345 2420 quod

197 2446 342 2512 futurum
360 2445 480 2531 aliquid
499 2447 746 2531 praenuntiaret.
770 2465 833 2512 non
853 2444 1072 2511 enimtoleum
1091 2445 1203 2512 deillo
1223 2445 1344 2512 dictum

197 2556 257 2619 est.
282 2553 336 2634 qui
360 2553 445 2618 enim
469 2552 659 2638 singillatim
681 2554 785 2619 bonus
810 2556 869 2631 est,
889 2554 991 2637 magis
1014 2552 1126 2637 utique
1150 2572 1223 2618 oum
1247 2552 1344 2619 omni-

197 2657 259 2723 bus
282 2660 386 2723 bonus
409 2661 470 2724 est.
507 2679 569 2725 non
594 2650 863 2741 summouendo
888 2678 961 2723 oum
985 2660 1130 2724 omnibus
1153 2659 1256 2725 bonus
1284 2660 1344 2735 est,
1361 2686 1387 2724 so

197 2765 352 2849 sequitur,
368 2768 406 2829 ut
421 2764 518 2829 etiam
538 2764 728 2849 singillatim
745 2764 848 2829 bonus
868 2764 921 2829 sit.
940 2763 1138 2829 moderatum
1158 2768 1208 2831 est
1224 2765 1344 2848 itaque,

196 2873 234 2935 ut
261 2870 296 2935 id
323 2868 492 2947 diceretur,
521 2870 606 2952 quod
634 2874 668 2935 et
695 2870 727 2935 in
755 2870 915 2952 praesenti
942 2889 1054 2935 uerum
1083 2872 1178 2937 esset·
1196 2874 1229 2936 et
1253 2889 1344 2955 prse-

196 2978 364 3043 scientiam
392 2977 587 3063 significaret
612 2976 724 3043 futuri.
762 2977 842 3043 deus
870 2976 955 3043 enim
986 2981 1171 3044 naturarum
1202 2976 1343 3061 optimus

196 3088 350 3166 conditor,
373 3086 575 3170 peccantium
597 3105 674 3151 uero
697 3086 898 3152 iustissimus
922 3086 1084 3153 ordinator
1101 3091 1160 3163 est,
1179 3092 1217 3153 ut
1235 3086 1344 3165 ctiam,

197 3194 224 3259 si
248 3214 311 3279 qua
334 3195 525 3279 singillatim
552 3194 634 3259 fiunt
661 3190 874 3277 delinquendo
903 3192 1066 3272 defomris,
1090 3214 1217 3279 semper
1237 3200 1342 3261 tomen
1361 3226 1388 3267 ,ὅ

197 3320 270 3365 cum
293 3302 339 3367 eis
363 3302 558 3366 uniuersitas
580 3300 714 3386 pulchra
737 3300 789 3366 sit.
815 3299 870 3365 sed
893 3298 957 3364 iam
981 3318 1028 3379 ee,
1052 3319 1132 3384 quse
1155 3307 1342 3385 sequuntur,

195 3406 228 3471 in
253 3407 400 3490 sequenti
422 3408 586 3473 uolumine
609 3410 851 3491 pertractemus.

229 3564 445 3620 4in-sunts'o
461 3581 512 3634 esp.
530 3580 591 3633 sup.
613 3565 678 3619 add.
698 3565 726 3618 P
780 3580 833 3635 quo
851 3563 881 3620 Β
956 3564 1063 3621 thom
1081 3565 1180 3621 suntb
1252 3568 1342 3621 omnia

194 3654 325 3710 omma
394 3653 467 3708 bona
484 3653 564 3707 ualde
579 3652 640 3709 de
693 3654 844 3708 lualdes.
860 3654 877 3709 l.
892 3652 919 3708 P
977 3653 1032 3708 8si
1047 3653 1137 3709 occas*
1201 3652 1342 3711 multsE¹

194 3743 392 3797 9oninersob
454 3743 484 3796 11
507 3741 655 3796 uiderimus
673 3742 766 3798 PR¹O
837 3744 864 3797 in
882 3758 904 3797 s.
924 3742 942 3797 l.
963 3758 997 3797 m.
1019 3744 1032 3796 1
1053 3744 1083 3797 E
1137 3744 1171 3797 12
1188 3744 1217 3797 in
1236 3760 1287 3799 om.
1301 3744 1341 3799 13¹

196 3832 230 3886 13
248 3829 454 3886 ammittuntlt
525 3831 561 3884 14
578 3833 669 3884 tumen
687 3831 768 3885 modo
787 3830 826 3885 od
910 3834 941 3885 ut
962 3834 985 3901 (t
1002 3848 1024 3887 s.
1045 3831 1063 3885 t.
1081 3848 1115 3887 m.
1136 3832 1163 3900 l)
1181 3832 1212 3887 E
1286 3848 1341 3886 non

197 3926 226 3989 (n
242 3922 292 3989 fio.
310 3936 333 3976 s.
352 3920 371 3976 l.
390 3936 424 3973 m.
445 3920 460 3974 1
479 3920 511 3974 E
546 3919 580 3972 15
598 3918 751 3975 rectaeSR
788 3920 1041 3977 rememoret
1095 3920 1191 3991 utique
1210 3920 1343 3991 genered

196 4006 475 4065 18deilloiulsnm8
526 4007 728 4063 20bonusa'm't.
743 4024 803 4078 esp.
818 4011 916 4065 m.1E
968 4008 1343 4081 ceremonensem

195 4096 268 4169 quod
286 4097 324 4168 et]
344 4100 372 4152 et
391 4096 464 4166 quod
482 4096 499 4151 t
518 4096 591 4167 quod
609 4097 696 4153 Pleu
783 4100 940 4167 praesentis
957 4099 998 4154 Ει
1106 4099 1141 4153 24
1164 4116 1229 4154 uero
1248 4116 1300 4155 om.
1320 4098 1343 4155 8

194 4187 231 4241 26
244 4187 377 4257 sequntur
386 4186 418 4240 Ε
428 4186 594 4242 secunturS
644 4188 679 4242 27
695 4187 772 4257 Erpl.
787 4184 858 4241 liber
872 4188 979 4243 tertius.
998 4186 1133 4259 incipiunt
1152 4188 1271 4259 capitula
1285 4188 1339 4258 fol.

194 4276 230 4329 45
241 4276 272 4329 Ε
287 4274 406 4345 Explicit
422 4272 493 4330 liber
510 4277 609 4330 tertius
628 4276 695 4343 (litt.
714 4274 781 4330 moi.
797 4276 862 4345 eol.)
881 4275 934 4346 sol.
956 4276 1003 4332 63δ
1022 4274 1047 4328 Ρ
1063 4276 1181 4349 Explicit
1198 4277 1267 4332 liber
1285 4280 1339 4333 ter·

120 4383 123 4389 ·
194 4364 250 4418 tius
259 4363 268 4433 {ff
276 4362 378 4433 Incipit
396 4363 467 4419 liber
484 4368 596 4435 quartus
616 4366 683 4433 (litt.
701 4366 767 4419 moi.
784 4367 850 4432 coli)
865 4366 915 4435 fol.
927 4366 973 4421 78·
984 4365 1013 4422 R
1022 4384 1089 4437 pap.
1101 4368 1148 4421 76⁸2
1160 4366 1183 4422 S
1193 4368 1244 4435 sol.
1257 4368 1304 4421 24·
1319 4366 1343 4421 0
