3159 4950
585 474 837 545 inperfectus
864 475 977 529 libor.
1285 480 1348 543 501

204 674 253 735 est
276 670 370 735 homo
394 670 621 737 aestimandus.
646 672 751 735 cetera
768 672 801 735 in
820 688 868 747 eo,
887 689 1080 754 quamquam
1102 672 1134 737 iu
1158 690 1216 736 suo
1236 690 1349 755 genere

203 777 336 860 pulchra
360 776 434 853 sint,
453 778 559 841 tamen
584 795 656 841 oum
680 777 848 859 pecoribus
868 778 1050 843 communia
1068 781 1144 842 sunt
1161 796 1198 842 ae
1215 796 1271 861 per
1289 782 1350 843 hoo

203 883 234 946 in
258 882 385 948 homine
409 884 499 966 pami
522 882 694 965 pendenda.
719 883 781 948 nisi
804 882 885 949 forte
909 883 993 965 quod
1017 883 1056 949 ad
1074 882 1262 950 intuendum
1282 904 1350 950 cae·

203 990 270 1053 lum
303 989 405 1073 figura
436 989 565 1053 humani
597 989 737 1072 corporis
770 992 876 1055 erecta
903 992 963 1067 est,
986 990 1075 1054 umet
1097 990 1194 1055 etiam
1218 992 1348 1073 aliquid,

173 1100 241 1160 aut
272 1114 386 1178 eorpus
419 1096 525 1179 ipsum
558 1095 597 1160 ad
630 1095 873 1161 similitudinem
902 1096 953 1160 dei
975 1096 1098 1161 factum
1121 1097 1277 1176 credatur,
1301 1101 1349 1177 ut,

204 1203 471 1285 quemadmodum
490 1204 614 1284 epatre
633 1202 690 1268 illa
708 1202 886 1269 similitudo
905 1221 967 1268 non
987 1204 1151 1282 auertitur,
1170 1204 1217 1269 ita
1236 1224 1349 1289 corpus

203 1312 377 1375 humanum
405 1329 423 1374 a
451 1310 539 1376 caelo
571 1329 632 1374 non
666 1309 709 1374 sit
740 1328 901 1385 auersum,
936 1310 1021 1375 sieut
1052 1312 1186 1377 aliorum
1220 1331 1350 1395 corpora

204 1416 387 1481 animalium
419 1436 532 1482 auersa
564 1420 649 1495 sunt,
673 1416 747 1499 quia
778 1436 877 1501 prona
897 1418 931 1483 in
954 1417 1063 1483 aluum
1095 1422 1348 1502 prosternuntur.

203 1523 258 1588 sed
281 1526 388 1587 tamen
411 1522 473 1588 hoc
496 1543 556 1589 non
581 1523 666 1588 omni
689 1523 784 1589 modo
808 1523 1029 1607 accipiendum
1053 1527 1117 1600 est3
1141 1544 1214 1589 nam
1234 1544 1348 1608 corpus

160 1632 347 1695 mnostrum
371 1650 389 1694 a
412 1631 499 1695 eaelo
533 1630 706 1714 plurimum
739 1629 856 1705 differt3
889 1630 921 1694 in
944 1631 1001 1695 illa
1023 1649 1098 1696 uero
1127 1631 1347 1709 similitudine,

203 1756 282 1819 quae
309 1736 396 1801 filius
426 1740 485 1814 est,
513 1756 575 1802 non
602 1739 711 1819 potest
738 1736 912 1819 quidquam
941 1755 1012 1802 esse
1035 1736 1192 1803 dissimile
1214 1738 1273 1815 illi,
1298 1740 1349 1803 eni

202 1844 316 1908 similis
350 1846 409 1920 est,
439 1844 588 1926 quoniam
621 1843 739 1909 similia
771 1862 990 1927 quaecumque
1023 1844 1085 1909 alia
1113 1847 1187 1909 sunt
1209 1846 1292 1909 inter
1314 1865 1348 1911 se

202 1952 298 2016 etiam
331 1950 501 2015 dissimilia
533 1969 569 2015 er
600 1950 708 2033 aliqua
729 1953 821 2033 parte
844 1955 933 2019 sunt:
966 1951 1036 2033 ipsa
1063 1970 1138 2017 uero
1172 1952 1348 2018 similitudo

202 2077 262 2123 non
286 2062 336 2123 est
359 2058 466 2141 alique
489 2076 524 2121 er
546 2059 635 2141 parte
659 2056 837 2123 dissimilis.
860 2061 951 2142 pater
972 2061 1096 2123 tautum
1115 2062 1206 2142 pater
1224 2061 1349 2125 estnec

159 2188 183 2227 15
203 2164 286 2228 lilius
320 2162 406 2227 aliud
439 2167 489 2229 est
520 2183 615 2246 quam
647 2163 744 2241 filius,
769 2165 844 2247 quia
869 2167 996 2230 etcum
1020 2164 1138 2229 dicitur
1169 2164 1346 2230 similitudo

201 2270 310 2353 patris,
327 2288 518 2353 quamquam
534 2270 680 2335 ostendat
698 2269 817 2335 nullam
836 2271 1029 2336 interuenire
1044 2270 1347 2349 dissimilitudinem,

203 2396 263 2441 non
287 2379 394 2441 tamen
418 2378 507 2443 solus
532 2380 581 2443 est
603 2381 703 2461 pater,
728 2378 755 2443 si
778 2378 876 2443 habet
898 2378 1150 2443 similitudinem.

246 2484 292 2548 iit
320 2484 415 2550 dirit
444 2484 554 2550 deus:
582 2484 767 2550 faciamus
795 2486 981 2551 hominem
1010 2486 1053 2551 ad
1080 2485 1281 2570 imaginem
1311 2489 1348 2550 et

202 2590 499 2656 similitudinem
527 2593 702 2657 nostram.
732 2591 811 2656 satis
835 2591 962 2674 quidem
986 2611 1067 2674 quae
1091 2591 1237 2675 superius
1261 2590 1346 2655 diota

157 2723 183 2760 ao
202 2701 277 2764 sunt
300 2696 474 2762 secundum
497 2695 531 2760 id
555 2699 715 2780 exponunt
737 2696 816 2760 haec
838 2697 935 2761 uerba
963 2697 1149 2781 scripturae,
1173 2698 1205 2762 in
1230 2696 1346 2780 quibus

200 2805 337 2887 legimus
362 2802 478 2868 dixisse
503 2802 615 2866 deum:
645 2802 829 2868 faciamus
857 2803 1044 2868 hominem
1072 2804 1117 2868 ad
1144 2803 1347 2889 imaginem

202 2915 239 2974 et
271 2910 568 2976 similitudinem
601 2912 777 2986 nostram,
810 2915 848 2974 ut
879 2911 1056 2976 similitudo
1091 2911 1151 2990 dei,
1181 2911 1220 2976 ad
1252 2929 1348 2994 qnam

200 3019 304 3083 iactus
328 3020 378 3082 est
400 3018 506 3095 homo,
530 3017 636 3100 ipsum
661 3017 712 3082 dei
734 3017 879 3096 uerbum,
903 3017 963 3082 hoc
987 3023 1037 3083 est
1059 3018 1243 3103 unigenitus
1261 3017 1347 3081 iilius

201 3124 302 3207 accipi
325 3123 441 3207 possit:
471 3143 533 3190 non
556 3123 667 3206 utique
694 3127 733 3188 ut
754 3123 824 3207 ipse
847 3123 892 3188 sit
914 3123 1024 3189 eadem
1049 3126 1157 3211 imago
1181 3128 1214 3190 et
1236 3123 1346 3189 simili·

155 3257 182 3296 aa
201 3231 278 3296 tudo
312 3229 454 3311 aequalis
486 3230 577 3312 patri.
612 3233 662 3294 est
693 3233 800 3294 temen
834 3233 867 3296 et
897 3231 992 3296 homo
1028 3231 1134 3317 imago
1168 3230 1228 3309 dei,
1262 3231 1347 3296 sicut

291 3403 324 3458 14
346 3403 466 3458 Retraet.
485 3403 499 3458 I
519 3403 552 3458 18
575 3409 638 3459 tom.
658 3405 788 3458 XXXII
802 3421 834 3473 p.
856 3408 910 3458 613
927 3403 1037 3474 Mipne:
1054 3405 1147 3459 inueni
1166 3405 1266 3475 qnippe
1285 3421 1344 3458 enm

200 3507 285 3562 usqne
315 3491 349 3546 ad
377 3491 443 3546 haec
471 3491 554 3546 uerba
582 3491 727 3546 dictatum:
758 3496 836 3563 pater
862 3496 970 3547 tanturn
993 3497 1071 3564 pater
1094 3498 1135 3548 est
1159 3523 1194 3532 —
1217 3509 1286 3546 uers.
1310 3496 1347 3546 17

201 3581 412 3635 similitudinem.
438 3581 588 3651 posthaec
612 3583 728 3652 repatini
751 3582 836 3635 uerba
858 3583 1007 3652 scripturae
1030 3599 1122 3636 rursus
1150 3581 1346 3636 consideranda

200 3673 283 3740 atque
313 3669 466 3724 necundo:
500 3673 543 3736 „et
570 3669 639 3724 dixit
668 3669 747 3724 deus:
775 3670 907 3724 faciamus
928 3672 1066 3725 hominem
1089 3669 1124 3725 ad
1145 3671 1292 3740 imaginem
1316 3673 1345 3724 et

200 3757 406 3812 similitudinem
424 3761 571 3812 nostrsm“.
592 3757 663 3828 quod
682 3762 774 3812 sutem
793 3758 833 3812 ibi
851 3760 974 3830 seqnitur
992 3758 1146 3814 addendum
1164 3758 1269 3828 putaui,
1285 3775 1345 3812 cnm

201 3863 261 3902 enm
284 3849 466 3901 retractarem.
491 3864 540 3902 nec
564 3847 603 3900 sic
625 3850 717 3900 tamen
742 3847 851 3917 perfeci,
870 3847 917 3901 sed
940 3848 992 3902 hoc
1016 3863 1123 3918 quoqne
1142 3846 1235 3901 addito
1254 3847 1345 3916 inper-

200 3935 301 3990 iectum
321 3934 428 4006 reliqui.
484 3935 518 3990 18
537 3934 605 3990 Gen.
627 3937 649 3998 1,
671 3935 704 3988 26

236 4043 440 4114 lqusmquam]
459 4043 628 4113 quantumL
669 4043 842 4114 Bpendenda
856 4043 960 4097 snntL
995 4043 1131 4113 deliquid
1151 4044 1232 4098 etiam
1247 4043 1346 4098 Mde

199 4133 216 4186 6
234 4131 283 4186 illa
300 4131 450 4186 similitudo
470 4147 521 4188 om.
546 4132 572 4186 V
640 4133 656 4186 9
675 4132 726 4187 hoc
745 4149 796 4187 oon.
816 4131 843 4187 L
932 4133 1005 4188 omni
1024 4133 1115 4203 modo]
1139 4133 1247 4186 omnino
1265 4131 1344 4186 Meo

200 4221 231 4274 11
252 4219 294 4274 illi
312 4235 345 4276 es
362 4219 409 4274 ilie
427 4237 461 4274 m.
480 4225 496 4274 1
513 4219 551 4274 M
585 4222 618 4274 14
630 4223 737 4275 tantum
756 4221 857 4290 scripsi
872 4226 981 4276 meatus
997 4220 1234 4276 Retractats'oncs:
1251 4223 1343 4274 tamen

200 4309 245 4363 lib.
302 4308 335 4364 16
355 4307 602 4363 dissimilitudinem
623 4308 676 4377 (dis
695 4325 716 4363 e.
737 4310 755 4366 i.
774 4313 851 4370 nan
869 4309 897 4364 V
948 4310 981 4365 17
1001 4310 1025 4362 si
1042 4309 1135 4381 habet]
1155 4309 1203 4364 sed
1221 4308 1344 4364 habetL

199 4395 246 4450 sed
264 4395 301 4450 M
352 4396 388 4451 24
404 4399 497 4468 potest
520 4397 547 4452 V
616 4397 781 4452 eundemV
831 4397 865 4451 25
885 4399 938 4469 est]
959 4397 1034 4453 etV
