3159 4950
720 1262 761 1327 11.

428 1384 487 1451 DE
518 1384 692 1451 GENESI
719 1386 780 1451 AD
809 1372 1052 1452 LITTE‘RAM

512 1506 806 1563 INPERFEOTUS
829 1506 967 1562 LIBER.

211 1636 239 1701 1.
265 1634 311 1699 De
345 1634 487 1701 obscuris
520 1635 711 1721 naturalium
743 1654 859 1711 rerum,
893 1653 973 1717 quae
1006 1633 1222 1719 omnipotente
1251 1634 1309 1700 deo

120 1776 144 1814 a
164 1745 283 1809 artifice
310 1741 394 1809 facta
421 1742 587 1821 sentimus,
616 1760 677 1807 nou
706 1740 910 1817 adfirmando,
938 1739 995 1805 sed
1027 1740 1203 1823 quaerendo
1231 1744 1311 1806 trac-

163 1852 292 1916 tandum
323 1853 373 1915 est
403 1848 435 1913 in
472 1848 562 1913 libris
595 1848 730 1913 manime
758 1867 838 1931 quos
865 1848 958 1913 nobis
982 1847 1089 1911 diuina
1112 1846 1312 1913 commendat

104 2032 116 2045 ,
165 1957 347 2032 auctoritas,
371 1956 403 2019 in
428 1956 544 2039 quibus
568 1954 730 2019 temeritas
755 1953 946 2019 adserendao
968 1953 1107 2017 incertae
1131 1952 1310 2037 dubiaeque

165 2064 320 2147 opinionis
345 2061 472 2127 difficile
497 2059 656 2145 sacrilegii
680 2060 798 2125 crimen
824 2060 936 2125 euitat:
958 2078 995 2123 ea
1012 2063 1120 2123 tamen
1140 2060 1310 2143 quaerendi

165 2170 320 2235 ‹liabitatio
341 2168 516 2233 catholicae
535 2166 608 2232 fidei
627 2170 729 2232 metas
747 2186 809 2231 non
824 2166 919 2231 debet
933 2166 1091 2231 excedere.
1116 2169 1148 2231 et
1162 2167 1311 2249 quoniam

121 2310 145 2345 ιο
164 2276 259 2341 multi
285 2274 436 2341 haeretici
463 2273 502 2341 ad
531 2292 622 2339 suam
651 2273 851 2351 senteutiam,
881 2292 960 2355 quae
988 2275 1113 2364 praeter
1142 2272 1238 2336 fidem
1261 2277 1312 2337 est

166 2384 338 2448 catholicae
377 2380 577 2464 disciplinae,
621 2379 849 2463 expositionem
881 2380 1110 2461 scripturarum
1133 2379 1311 2443 diuinarum

164 2490 287 2554 trahere
317 2491 564 2566 consueuerant,
598 2489 669 2552 aute
692 2489 916 2552 tractationem
938 2486 1034 2552 huius
1057 2485 1130 2551 libri
1154 2486 1311 2551 catholica

164 2596 243 2660 tides
266 2597 408 2662 breuiter
430 2594 611 2678 explicanda
635 2597 693 2660 est.

209 2703 268 2767 Est
300 2705 406 2766 autem
438 2701 530 2766 haec:
564 2701 658 2766 deum
692 2701 941 2784 omnipotentem
973 2701 1096 2783 patrem
1128 2699 1311 2764 uniuersam

120 2842 145 2880 aa
166 2812 341 2874 creaturam
355 2808 468 2874 fecisse
480 2810 575 2892 atque
586 2807 791 2872 constituisse
805 2825 862 2889 per
874 2806 976 2870 tilium
991 2825 1087 2870 suum
1101 2805 1311 2890 unigenitum,

166 2915 197 2979 id
222 2919 272 2980 est
294 2916 481 2998 sapientiam
506 2918 538 2978 et
561 2914 714 2978 uirtutem
741 2933 833 2980 suam
861 2912 1166 2978 consubstantialem
1194 2913 1255 2977 sibi
1280 2916 1312 2978 et

167 3025 373 3100 coaeternam,
388 3022 419 3086 iu
438 3007 560 3086 unitate
581 3020 712 3104 spiritus
732 3021 834 3085 sancti
854 3022 887 3085 et
904 3020 1006 3102 ipsius
1030 3019 1311 3086 consubstantialis

166 3133 199 3192 et
226 3129 392 3194 coaeterni.
427 3129 507 3192 hanc
536 3147 610 3213 ergo
638 3127 814 3192 trinitatem
838 3126 900 3192 dici
924 3146 1024 3191 unum
1048 3126 1143 3192 deum
1167 3145 1311 3209 eumque

165 3235 280 3299 fecisse
308 3238 341 3300 et
368 3254 492 3299 creasse
521 3234 635 3314 omnia,
664 3253 745 3317 quae
774 3238 859 3311 suut,
887 3233 919 3298 in
948 3237 1103 3318 quantum
1140 3237 1229 3311 suut,
1267 3231 1312 3296 di-

118 3375 147 3412 eo
166 3342 301 3424 sciplina
324 3342 483 3426 catholica
502 3341 588 3406 credi
610 3341 709 3420 iubet,
729 3341 774 3404 ita
794 3344 830 3406 ut
849 3343 992 3406 creatura
1011 3340 1113 3405 omnis
1132 3340 1202 3404 siue
1220 3340 1312 3403 intel-

166 3448 313 3514 lectualis
333 3447 401 3512 siue
423 3448 604 3531 corporalis,
619 3447 674 3512 uel
687 3447 772 3531 quod
789 3447 920 3511 breuius
935 3445 997 3511 dici
1010 3447 1118 3529 potest
1136 3444 1310 3510 secundum

203 3711 219 3762 2
238 3710 339 3780 Incipit
362 3710 431 3764 liber
454 3709 487 3762 de
507 3709 606 3764 Genesi
629 3707 663 3762 ad
682 3709 803 3762 litteram
821 3708 996 3778 imperfectus
1010 3708 1065 3776 sol.
1084 3709 1152 3762 231δ
1168 3707 1195 3761 V
1210 3705 1313 3777 incipit

165 3799 236 3852 liber
255 3806 267 3852 a
286 3799 426 3869 augustini
444 3787 496 3870 epi
509 3799 542 3852 de
561 3796 660 3851 Genesi
680 3797 715 3850 ad
732 3797 854 3851 litteram
873 3796 1162 3865 impfectuasol.198⁴
1176 3796 1202 3849 T
1213 3795 1313 3866 Incipit

166 3885 237 3940 liber
259 3884 292 3942 de
317 3887 410 3956 genesi
435 3885 470 3940 ad
492 3887 612 3942 litteram
635 3886 704 3956 lpida
717 3887 772 3955 sol.
793 3889 834 3940 24
852 3885 887 3938 M
903 3885 986 3940 Liber
1004 3885 1100 3940 aurelii
1119 3885 1259 3954 augustini
1278 3884 1312 3938 de

164 3975 261 4044 genesi
279 3973 313 4030 ad
334 3975 455 4030 litteram
473 3976 620 4046 yponensis
634 3963 870 4046 opiimperfectus
888 3975 986 4044 incipit
1002 3975 1045 4041 sol
1071 3978 1134 4028 257
1145 3974 1173 4027 L
1225 3974 1310 4043 4De]

168 4081 182 4118 e
203 4064 227 4118 L
233 4084 242 4132 ;
260 4065 307 4120 sed
324 4065 415 4134 spatio
430 4065 459 4120 D
478 4066 586 4120 litterae
603 4065 754 4134 sufficienti
771 4079 863 4120 acmen
935 4063 1145 4133 ornnipotentib
1200 4064 1216 4116 6
1232 4064 1310 4132 qnos]

166 4153 241 4224 quod
259 4152 293 4206 Μ
366 4153 609 4211 didimeam
662 4157 752 4210 8non
771 4153 893 4208 euitatb
948 4151 1139 4207 9methasM
1197 4151 1229 4205 12
1249 4167 1311 4204 con-

166 4244 281 4296 suerunt
299 4241 361 4296 ML
417 4247 450 4298 13
468 4243 589 4298 breuiter
606 4262 657 4299 om.
676 4243 754 4304 Mau
810 4244 845 4296 14
862 4245 967 4312 patrem
986 4241 1200 4310 omnipotentem
1213 4239 1314 4293 MLod

169 4331 203 4385 15
222 4344 300 4382 suum
319 4345 370 4383 cm.
395 4330 421 4383 V
510 4333 541 4386 17
561 4332 647 4402 ipsius
667 4347 718 4385 oua
737 4329 763 4384 L
847 4330 879 4382 19
898 4329 1032 4383 catholica
1051 4327 1196 4397 disciplina
1213 4326 1313 4381 Maca

165 4418 203 4472 20
224 4415 305 4486 credi]
329 4419 381 4474 dici
406 4419 483 4474 MLt
557 4421 596 4474 ita
620 4421 661 4489 ut]
686 4420 763 4473 iubet
786 4418 827 4472 ita
845 4421 877 4471 nt
894 4417 972 4473 ΜΗ)
1045 4417 1103 4470 siue
1122 4433 1173 4470 orn.
1192 4415 1236 4469 Lo
