3159 4950
218 451 281 513 134
567 445 593 498 S.
621 445 759 498 Aureli
786 443 1006 512 Augustini

214 642 400 720 rationibus,
424 659 480 724 per
503 660 581 723 quas
606 639 733 703 condita
757 643 816 717 est,
841 637 1108 720 contemplaretur
1131 637 1258 717 propter
1281 634 1362 698 diem

217 753 249 815 et
280 749 312 813 in
345 748 413 813 eins
447 747 549 830 ipsius
582 749 695 810 natura
728 747 935 830 cognosceret
972 745 1100 826 propter
1132 759 1300 822 uesperam
1334 745 1365 804 et

216 859 390 920 creatorem
417 874 453 919 er
481 854 550 938 ipsa
584 852 679 918 etiam
717 852 864 917 inferiore
897 849 1079 936 cognitione
1112 859 1241 932 propter
1273 865 1365 911 nrane

213 962 379 1027 laudaret?
404 964 459 1026 aut
478 960 638 1044 quomodo
657 957 867 1042 praecedebat
885 975 987 1036 mane,
1012 959 1049 1021 ut
1071 956 1103 1019 in
1124 955 1224 1020 ¹uerbo
1250 973 1365 1039 cogno·

216 1071 327 1146 sceret,
351 1069 428 1150 quid
452 1071 539 1133 esset
562 1068 621 1132 deo
644 1069 757 1151 postea
778 1064 970 1143 faciendum,
989 1064 1022 1128 id
1045 1065 1150 1148 ipsum
1175 1062 1270 1127 etiam
1294 1080 1366 1127 con·
1398 1081 1411 1122 e

215 1179 385 1257 sequenter
406 1194 538 1258 uespere
563 1175 737 1258 cognitura,
758 1173 787 1237 si
805 1172 892 1256 prius
912 1173 944 1236 ct
960 1171 1120 1255 posterius
1144 1169 1222 1234 nihil
1245 1169 1365 1234 factum

216 1285 275 1359 est,
300 1282 374 1364 quia
397 1283 504 1346 emnia
527 1282 624 1346 simul
647 1280 733 1346 facta
756 1282 853 1344 suut?
881 1279 979 1343 immo
1003 1297 1078 1342 nero
1104 1279 1137 1342 et
1158 1276 1246 1359 prius
1271 1279 1365 1357 atque

214 1388 375 1469 posterius
408 1407 464 1470 per
495 1407 549 1452 ser
582 1386 650 1450 dies
683 1405 763 1468 quae
798 1388 1044 1451 commemorata
1073 1389 1148 1451 sunt
1171 1386 1256 1449 facta
1280 1387 1364 1460 sunt,

216 1496 248 1558 ct
272 1494 369 1558 simul
397 1494 502 1558 omnia
525 1494 718 1572 factasunt,
742 1493 817 1576 quia
841 1495 873 1557 et
899 1493 977 1558 haec
1007 1492 1172 1574 scripturn,
1203 1510 1283 1574 quae
1311 1509 1367 1574 per

216 1601 408 1664 memoratos
433 1598 501 1662 dies
524 1601 631 1662 uenat
649 1617 744 1682 opera
762 1597 823 1675 dei,
845 1600 877 1663 et
895 1598 961 1673 illa,
982 1617 1061 1679 qrtac
1081 1597 1178 1662 simul
1197 1617 1270 1662 eum
1289 1597 1367 1662 dicit
1387 1613 1412 1654 10

217 1705 333 1770 fecisse
357 1705 472 1784 omnia,
497 1723 592 1769 uorax
615 1707 678 1780 est3
703 1706 735 1769 et
757 1707 892 1787 utraque
917 1723 978 1768 una
998 1708 1056 1780 est,
1078 1704 1152 1786 quia
1170 1723 1231 1770 nno
1252 1704 1365 1786 spiritu

216 1813 362 1878 ueritatis
385 1813 558 1896 inspirante
582 1813 762 1894 conscripta
785 1815 843 1877 est.

263 1919 326 1984 Sed
353 1920 385 1983 in
414 1920 464 1985 his
492 1920 598 1996 rebus,
627 1921 659 1984 in
688 1919 805 2002 quibus
834 1919 909 2002 quid
936 1919 1024 2000 prius
1054 1918 1096 1982 sit
1119 1916 1172 1981 uel
1195 1917 1365 2000 posterius,

216 2026 385 2090 interualla
403 2029 582 2108 temporum
605 2045 667 2090 non
691 2026 918 2102 demonstrant,
939 2025 1085 2106 quamuis
1108 2026 1280 2106 utrumqne
1303 2023 1366 2088 dici

216 2132 329 2214 possit,
349 2133 383 2196 id
402 2135 452 2198 est
470 2136 502 2196 et
520 2133 618 2197 simul
637 2134 669 2197 et
686 2133 774 2216 prius
798 2136 893 2214 atque
916 2131 1086 2216 posterius,
1110 2129 1237 2196 facilius
1260 2133 1365 2195 tamen
1385 2142 1410 2182 1⁵

216 2239 414 2323 intellegitur
442 2239 526 2322 qnocl
555 2239 672 2303 dicitur
700 2238 797 2304 simul
829 2257 924 2321 quarn
953 2237 1037 2319 quod
1070 2237 1157 2320 prius
1186 2241 1280 2320 atque
1312 2259 1367 2322 po-

217 2345 348 2409 sterius:
364 2345 457 2411 uelut
480 2365 553 2411 cum
567 2346 669 2410 solem
691 2345 853 2410 intuemur
877 2344 1038 2421 orientem,
1058 2346 1142 2408 certe
1161 2343 1367 2408 manifestum

217 2455 276 2529 est,
311 2453 395 2534 quod
428 2452 468 2517 acl
501 2472 574 2517 eum
607 2451 690 2518 acies
722 2455 830 2517 nostra
860 2450 1022 2534 peruenire
1055 2469 1116 2516 non
1151 2453 1271 2534 posset,
1304 2450 1367 2516 nisi

216 2558 365 2625 transiret
396 2562 502 2624 totum
535 2560 615 2624 aeris
648 2559 791 2641 caelique
825 2558 974 2641 spatium,
1009 2558 1093 2639 quod
1129 2557 1213 2623 inter
1244 2579 1301 2624 nos
1336 2563 1366 2624 et

217 2664 323 2746 ipsum
348 2668 398 2729 est
412 2716 419 2731 .
435 2664 495 2728 hoc
520 2667 626 2729 autem
651 2664 742 2729 cuius
765 2663 1009 2747 longinquitatis
1029 2662 1081 2741 sit,
1103 2662 1173 2745 quis
1198 2665 1366 2735 aestimare
1386 2678 1412 2717 ²⁰

218 2771 378 2836 sufficiat?
407 2790 465 2836 nec
493 2772 605 2855 utique
632 2770 813 2853 perueniret
840 2770 949 2836 eadem
979 2770 1062 2835 acies
1086 2771 1139 2835 uel
1162 2770 1269 2835 radius
1294 2789 1366 2835 ocn-

216 2878 321 2950 lornm
344 2881 525 2943 nostrorum
550 2877 589 2943 ad
612 2878 841 2943 transeundum
866 2897 979 2953 aerem,
1001 2878 1054 2960 qui
1078 2881 1128 2941 est
1152 2896 1247 2960 super
1270 2896 1365 2953 mare,

217 2984 279 3047 nisi
306 2985 394 3066 prius
423 2986 594 3050 transisset
621 3003 704 3061 eum,
734 2986 790 3067 qui
818 2986 868 3049 est
896 3002 991 3067 super
1018 2987 1144 3061 terram,
1168 2984 1200 3047 in
1225 2984 1367 3066 qualibet
1429 3016 1432 3023 ·

217 3090 446 3157 mediterranea
469 3091 596 3175 regione
620 3091 731 3167 simus,
752 3092 791 3155 ab
812 3110 847 3155 eo
867 3091 949 3169 loco,
974 3090 1029 3155 ubi
1053 3109 1177 3167 snmus,
1201 3108 1302 3173 usque
1327 3090 1367 3153 ad

216 3197 296 3262 litus
328 3198 435 3263 maris.
469 3198 592 3275 deinde,
626 3199 654 3263 si
687 3198 726 3262 ad
759 3198 891 3262 eandem
924 3197 1041 3263 lincam
1075 3196 1238 3261 contuitus
1267 3197 1366 3261 nostri
1384 3210 1411 3250 ²⁵

218 3303 321 3368 adhuc
353 3309 427 3388 post
458 3325 543 3370 mare
575 3309 676 3370 tenue
710 3304 865 3381 adiacent,
900 3322 972 3369 eum
1006 3322 1131 3387 quoque
1164 3322 1278 3379 acrem,
1312 3303 1365 3386 qni

218 3429 315 3491 super
335 3411 409 3476 illas
433 3412 658 3477 transmarinas
687 3415 784 3477 terras
815 3414 874 3489 est,
904 3411 1037 3476 transire
1067 3410 1150 3475 acies
1173 3413 1281 3475 nostra
1304 3428 1365 3476 non

218 3518 335 3599 potest,
359 3518 421 3583 nisi
448 3520 536 3601 prius
563 3522 691 3601 peracto
716 3518 819 3602 spatio
845 3518 926 3582 acris
949 3516 1048 3596 illins,
1073 3518 1128 3601 qui
1152 3536 1247 3601 super
1270 3536 1365 3595 mare,

255 3744 424 3813 ssposterius
444 3746 486 3809 (us
504 3760 526 3799 s.
545 3744 700 3807 l.m.2)E
752 3744 870 3799 isimul
889 3742 978 3798 omnia
997 3743 1035 3797 od
1088 3744 1175 3813 8que
1194 3742 1222 3798 R
1295 3760 1365 3799 com·

218 3836 368 3886 memorata
387 3832 484 3886 siutS
538 3832 570 3887 10
589 3833 617 3896 ip
636 3833 685 3887 illa
702 3834 733 3886 E
803 3850 855 3903 que
873 3832 901 3887 R
973 3831 1051 3902 dicit]
1070 3830 1197 3886 narrutS
1251 3832 1283 3885 12
1303 3848 1366 3887 con-

220 3920 321 3975 scribta
339 3924 370 3976 E
405 3922 438 3975 13
457 3936 518 3991 cap.
537 3922 687 3976 XXVlIE
739 3922 795 3993 uel]
814 3923 838 3976 si
856 3922 943 3976 uelS
979 3922 1011 3976 15
1031 3924 1060 3975 et
1078 3926 1143 3975 ante
1161 3920 1240 3974 simul
1259 3938 1310 3975 om.
1331 3921 1368 3975 bd

221 4012 315 4080 atque]
337 4015 365 4064 et
383 4010 420 4064 bd
520 4011 552 4063 17
573 4010 697 4067 ueludS
796 4012 828 4065 19
848 4009 1029 4066 transieritS
1116 4010 1237 4079 caelique
1259 4010 1290 4077 (li
1307 4026 1328 4063 s.
1349 4010 1365 4063 l.

220 4099 287 4152 add.
306 4116 340 4156 aa.
359 4100 389 4165 2)
406 4099 434 4151 Ρ
501 4100 536 4155 20
553 4100 744 4171 longiquitatis
763 4101 804 4154 Ει
823 4100 1032 4171 longinquitatis
1051 4101 1099 4169 (tis
1118 4100 1149 4154 in
1165 4114 1222 4155 ras.
1241 4116 1275 4153 m.
1295 4099 1322 4166 2)
1342 4098 1369 4152 P

220 4187 374 4241 existimare
387 4189 414 4254 (x
427 4188 460 4241 in
473 4190 541 4255 ras.)
553 4188 634 4250 PJco
671 4189 705 4243 21
720 4195 786 4258 poet
800 4190 955 4259 perueniret
969 4188 1034 4244 cdd.
1049 4188 1083 4243 ad
1098 4188 1203 4243 eumE
1236 4188 1272 4243 24
1285 4187 1367 4243 medii

219 4275 384 4329 wnaneaS
473 4276 507 4330 26
530 4276 645 4347 mareS
749 4278 892 4333 adiacente
914 4278 944 4331 E
1031 4278 1065 4332 27
1089 4280 1173 4331 terras
1200 4278 1240 4345 (in
1263 4294 1312 4347 inp
1339 4276 1368 4331 al

220 4364 356 4433 partes)b
