3159 4950
437 435 479 491 de
508 438 653 493 Genesi
682 440 725 493 ad
751 441 933 495 litteram
962 443 1027 497 iib.
1057 443 1131 499 VIII.
1291 448 1353 511 251

257 634 308 697 13.
346 632 393 696 nt
427 632 624 716 praecepit
661 632 833 697 dominns
872 632 965 698 dens
998 634 1098 699 Adae
1132 637 1280 703 dicens:
1314 639 1357 702 ab

212 738 311 803 omni
333 738 450 822 ligno,
475 738 572 821 qnod
596 742 654 804 est
675 739 712 802 in
741 740 929 822 paradiso,
955 739 1041 806 edes
1071 742 1115 805 ad
1145 762 1288 811 escam:
1314 744 1357 809 de

210 847 314 930 ligno
339 848 463 911 autem
493 846 748 929 cognoscendi
778 846 916 911 bonnm
941 851 978 911 et
1000 850 1139 913 maium
1162 869 1231 915 non
1260 871 1356 915 man·

213 952 405 1018 ducabitis
429 953 472 1017 de
495 952 574 1018 illo.
594 971 667 1035 qua
686 951 747 1017 die
766 956 891 1017 autem
912 953 1070 1019 ederitis
1095 956 1137 1019 ab
1163 975 1214 1031 eo,
1234 961 1357 1022 morte

168 1078 181 1115 ⁵
212 1060 433 1126 moriemini.
459 1060 486 1125 si
502 1060 622 1143 aliquid
636 1060 713 1124 maii
733 1063 819 1125 esset
837 1060 959 1143 lignum
978 1060 1070 1136 illud,
1090 1061 1172 1127 unde
1195 1064 1358 1147 prohibuit

212 1169 372 1233 hominem
407 1168 497 1245 deus,
527 1166 595 1232 eius
626 1167 729 1249 ipsius
757 1166 834 1231 mali
861 1170 974 1231 natura
995 1172 1171 1234 nenenatns
1195 1170 1359 1235 uideretur

213 1276 252 1341 ad
284 1278 428 1340 mortem.
461 1272 536 1355 quia
566 1292 642 1339 nero
674 1273 764 1356 ligna
796 1274 901 1338 omnia
932 1274 963 1337 in
997 1275 1142 1356 paradiso
1166 1276 1249 1341 bona
1271 1277 1358 1360 plan-

212 1384 344 1457 tanerat,
369 1381 424 1465 qui
446 1379 524 1445 fecit
546 1380 652 1445 omnia
673 1380 756 1444 bona
778 1380 884 1459 ualde,
909 1399 967 1445 nec
990 1382 1056 1446 nlla
1079 1381 1125 1445 ibi
1147 1386 1259 1447 natura
1281 1384 1358 1448 mali

213 1492 289 1567 erat,
313 1488 388 1572 qnia
408 1506 565 1570 nusquam
589 1490 640 1551 est
661 1488 738 1551 mali
761 1487 829 1552 ulia
850 1490 962 1553 natura
985 1526 1028 1535 —
1053 1489 1137 1573 quod
1160 1490 1357 1574 diligentius,

168 1611 193 1649 ¹⁰
213 1600 241 1663 si
263 1597 411 1661 dominns
438 1595 586 1672 noluerit,
611 1595 814 1671 disseremus,
839 1614 911 1661 cnm
941 1596 978 1660 de
1002 1597 1058 1661 iilo
1083 1600 1228 1680 serpente
1253 1596 1356 1662 dicere

213 1704 409 1787 coeperimus
432 1740 487 1779 -—,
511 1703 550 1766 ab
574 1720 610 1766 oo
633 1700 731 1785 ligno,
751 1701 837 1783 quod
855 1702 975 1767 maium
999 1721 1060 1767 non
1081 1706 1157 1780 erat,
1177 1703 1357 1787 prohibitus

213 1815 273 1889 est,
296 1813 334 1876 nt
355 1811 426 1895 ipsa
448 1829 504 1893 per
527 1829 561 1874 se
588 1809 749 1892 praecepti
778 1810 976 1875 consematio
1003 1810 1122 1875 bonum
1145 1809 1195 1874 illi
1219 1813 1304 1875 esset
1327 1812 1359 1873 et

213 1919 423 2002 transgressio
447 1918 577 1981 malum.

257 2026 325 2090 Nec
362 2024 468 2107 potnit
503 2025 619 2089 melius
657 2027 689 2088 et
725 2022 910 2107 diligentius
949 2022 1168 2099 demonstrari,
1206 2026 1358 2105 qnantum

170 2147 196 2187 1⁵
214 2134 335 2197 maium
354 2132 397 2197 sit
415 2132 484 2196 sola
506 2130 748 2201 inoboedientia,
769 2148 842 2193 cnm
866 2128 937 2195 ideo
960 2149 1034 2195 rens
1052 2130 1231 2213 iniquitatis
1254 2130 1358 2193 factus

214 2242 265 2303 est
294 2239 401 2314 homo,
426 2238 500 2320 qnia
532 2257 602 2302 eam
628 2256 696 2302 rem
718 2238 828 2321 tetigit
851 2239 959 2302 contra
982 2236 1237 2320 prohibitionem,
1263 2254 1358 2318 quam

215 2347 242 2410 si
273 2366 335 2410 non
368 2345 548 2427 prohibitus
581 2344 752 2428 tetigisset,
776 2364 838 2409 non
872 2346 982 2426 utique
1010 2346 1184 2425 peccasset.
1209 2343 1359 2425 namqui

214 2452 292 2517 dicit
322 2452 413 2518 uerbi
444 2452 564 2536 gratia:
602 2451 684 2528 ,noli
715 2454 843 2536 tangere
877 2452 958 2517 hanc
985 2450 1132 2515 herbam⁴⁴
1160 2488 1203 2496 —
1229 2450 1255 2514 si
1279 2450 1359 2515 forte

214 2579 373 2624 uenenosa
396 2563 446 2624 est
467 2562 664 2642 mortemque
686 2559 898 2640 praenuntiat,
924 2560 950 2624 si
979 2559 1120 2643 tetigerit
1143 2597 1187 2606 —
1210 2561 1360 2640 sequetur

168 2682 195 2720 2⁰
214 2665 341 2749 quidem
377 2685 463 2731 mors
496 2667 723 2730 contemtorem
759 2666 937 2748 praecepti;
977 2665 1032 2729 sed
1068 2665 1174 2744 etiam,
1208 2667 1235 2730 si
1267 2685 1358 2730 nemo

213 2773 431 2855 prohibuisset
449 2775 544 2855 atque
562 2771 618 2836 ille
635 2772 808 2857 tetigisset,
824 2771 1030 2837 nihilominus
1048 2772 1159 2855 ntique
1175 2777 1358 2838 moreretur.

213 2879 283 2942 iila
302 2880 417 2963 qnippe
445 2899 496 2943 res
528 2898 669 2962 congrua
697 2879 795 2944 saluti
819 2880 966 2963 uitaeque
992 2879 1060 2942 eius
1085 2898 1146 2944 non
1171 2883 1266 2956 esset,
1291 2879 1360 2944 eine

214 2984 286 3049 inde
309 2988 472 3050 notaretur
494 2986 563 3050 sine
586 3005 648 3051 non
671 2988 842 3050 notaretur.
863 2985 941 3050 item
966 3005 1038 3050 cnm
1063 2985 1196 3069 quisque
1215 2985 1362 3070 prohibet

216 3111 284 3157 eam
307 3111 374 3157 rem
397 3093 496 3176 tangi,
521 3113 602 3175 quae
625 3112 686 3157 non
711 3092 838 3176 quidem
862 3092 1016 3176 tangenti,
1042 3091 1098 3156 sed
1125 3094 1184 3170 illi,
1209 3094 1262 3178 qni
1290 3113 1360 3175 pro-

170 3209 197 3248 ²⁶
216 3200 329 3277 hibuit,
345 3201 482 3275 obesset,
497 3201 591 3264 uelut
603 3199 631 3264 si
646 3199 813 3282 quisquam
833 3199 864 3262 in
884 3199 1019 3263 alienam
1038 3200 1205 3282 pecuniam
1219 3201 1362 3264 misisset

214 3327 344 3372 manum
374 3308 555 3391 prohibitus
588 3307 627 3370 ab
652 3327 699 3385 eo,
724 3306 815 3372 onius
840 3310 907 3371 erat
928 3307 985 3370 illa
1012 3308 1156 3389 pecunia,
1179 3307 1251 3372 ideo
1276 3310 1362 3372 esset

307 3515 407 3572 lGen.
428 3518 516 3579 216.
538 3518 570 3570 17
627 3518 642 3570 7
663 3515 696 3571 cf.
716 3515 783 3572 Gen,
805 3517 829 3579 1,
850 3517 883 3570 12

251 3639 348 3695 thiae
365 3640 394 3695 R
467 3640 583 3694 ederetis
601 3640 656 3695 PR
726 3641 822 3710 tcap.
842 3640 866 3693 X
883 3641 921 3698 Ε,
988 3640 1052 3694 bisc
1070 3641 1188 3708 excerpit
1206 3639 1364 3709 Eupippircs

211 3745 241 3797 p.
263 3729 404 3784 197-202
423 3729 463 3783 ed.
483 3729 574 3783 Knoli
645 3731 662 3784 6
680 3734 817 3785 uenenato
834 3729 947 3800 E²Eup
1027 3730 1043 3782 9
1063 3729 1126 3798 quia
1145 3729 1182 3799 (ia
1200 3729 1231 3781 ia
1249 3734 1316 3793 ras.)
1334 3727 1362 3782 R

215 3835 367 3888 unusquam
382 3817 420 3870 P¹
476 3819 509 3872 10
523 3818 680 3874 disserimus
694 3819 760 3875 PR²
815 3819 847 3876 ll
863 3819 1049 3889 ceperimnsS
1101 3819 1134 3872 12
1155 3816 1362 3872 conuersatioR

218 3906 465 3976 rasomonorum]
491 3907 665 3962 conmendari
683 3907 775 3962 Pata
866 3909 898 3960 17
922 3907 1076 3977 prohibitus
1101 3923 1155 3960 non
1177 3905 1318 3975 tetigisset
1335 3905 1365 3958 Ε

218 3995 251 4051 18
269 3995 360 4050 erbam
377 3994 440 4050 158¹
530 3996 563 4050 19
581 3999 757 4066 praenuntiet
774 3997 805 4050 E
820 3996 979 4065 prenuntiat
996 3997 1024 4052 R
1109 3995 1231 4064 seqnitur
1249 3991 1364 4047 PRde

216 4085 251 4139 20
270 4083 390 4154 quidem]
410 4100 517 4154 quoque
534 4084 607 4154 Eup.
681 4087 894 4155 contemptorem
912 4083 1013 4139 Rs²od
1085 4085 1117 4138 21
1137 4083 1313 4136 nihilominus
1334 4085 1361 4148 (n

211 4175 265 4243 fin.
283 4191 305 4228 s.
326 4174 343 4227 1.
362 4191 398 4227 m.
418 4176 444 4239 1)
462 4174 491 4229 R
509 4173 705 4228 nihilhominus
724 4173 747 4228 S
835 4174 929 4243 ntique
948 4189 999 4227 om.
1018 4173 1090 4241 Erip.
1181 4168 1365 4225 moriretan

215 4265 251 4318 22
266 4262 396 4332 congrus]
413 4261 660 4317 contrariaPR¹bd
730 4278 783 4314 non
800 4262 882 4330 esset]
897 4259 1083 4316 essetPR¹bri
1136 4259 1170 4314 23
1185 4258 1311 4330 prohibet
1324 4259 1362 4314 R¹

216 4353 251 4406 26
269 4351 383 4421 pecnnia
402 4349 449 4403 ilia
467 4350 506 4403 od
