3159 4950
254 505 318 568 306
625 501 652 554 S.
681 501 819 555 Aureli
846 501 1064 571 Augustini

251 701 360 764 eontra
382 699 513 762 alteram
537 697 736 782 suffragatur,
761 697 818 762 sed
840 698 922 762 inter
944 701 1110 780 utramque
1134 685 1291 762 consistit.
1324 714 1398 760 oum

252 804 336 870 enim
367 804 423 870 inti
455 803 588 868 dixerint
611 803 693 869 'hine
725 803 851 887 probari
873 823 935 868 non
952 822 978 866 ‘a
998 803 1194 885 parentibus,
1220 803 1276 868 sed
1298 822 1316 866 a
1339 801 1397 866 deo

253 911 390 976 animam
415 909 491 989 dari,
516 911 600 993 quod
623 929 776 976 conuerso
800 911 932 994 pulnere
959 909 992 975 in
1019 913 1135 974 terram
1159 928 1261 986 suam,
1283 899 1319 973 id
1349 912 1399 974 ost

254 1036 356 1096 carne,
390 1035 470 1100 quae
503 1017 541 1082 de
573 1018 705 1100 puluere
736 1017 823 1082 facta
854 1020 914 1093 ost,
946 1019 1157 1083 reuerterotur
1192 1016 1323 1099 spiritus
1359 1015 1399 1080 nd

254 1124 360 1203 deum,
385 1123 440 1207 qui
463 1123 551 1188 dedit
573 1124 675 1200 illum,
699 1123 895 1206 respondent
923 1123 991 1188 illi:
1025 1121 1134 1204 utique
1162 1122 1215 1187 ita*
1235 1126 1295 1187 est.
1317 1121 1399 1186 rodit
1430 1143 1443 1182 ι

254 1231 338 1296 enim
362 1231 493 1313 spiritus
517 1231 556 1295 ad
580 1231 684 1308 doum,
711 1231 764 1313 qui
788 1249 860 1295 enm
885 1229 974 1294 dedit
995 1229 1116 1294 homini
1138 1230 1249 1312 primo,
1274 1224 1396 1312 quando

253 1338 284 1402 in
309 1337 377 1403 eius
400 1337 514 1402 faciem
538 1337 681 1402 suffiauit
704 1355 857 1404 conuerso
880 1337 1023 1418 puluere,
1041 1336 1076 1400 id
1098 1339 1148 1400 est
1170 1335 1309 1400 humano
1332 1353 1397 1400 eor·

253 1463 338 1528 pore,
361 1443 393 1508 in
416 1447 532 1509 terram
556 1463 657 1519 suam,
683 1443 766 1508 unde
789 1443 938 1527 primitus
961 1443 1083 1507 factum
1107 1445 1167 1508 est.
1190 1459 1292 1523 nequo
1315 1441 1397 1505 enim

255 1551 294 1615 ad
326 1551 472 1634 parentes
500 1553 567 1614 orat
594 1548 723 1633 spirituo
745 1547 914 1625 reditumu
939 1548 1086 1631 quamuis
1108 1547 1182 1611 indo
1210 1548 1253 1612 ait
1275 1550 1398 1612 creatus

254 1675 291 1722 ex
313 1655 370 1722 illo
393 1666 467 1733 uno,
492 1655 546 1739 qui
570 1655 691 1722 homini
713 1655 816 1738 primo
840 1654 934 1720 datus
958 1662 1017 1729 est,
1042 1653 1127 1718 sicut
1148 1671 1207 1719 neo
1234 1654 1306 1736 ipsa
1328 1672 1398 1719 caro
1419 1672 1443 1713 ιο

253 1767 328 1848 post
359 1766 494 1828 mortem
527 1761 566 1826 ad
597 1765 743 1844 parentes
775 1761 954 1839 reuertitur,
978 1780 998 1825 a
1025 1760 1141 1843 quibus
1173 1777 1243 1825 eam
1275 1763 1401 1826 constat

255 1872 338 1935 cente
372 1887 442 1934 osae
472 1872 693 1953 propagatam.¹
724 1867 994 1951 quemadmodum
1026 1887 1102 1952 orgo
1135 1885 1206 1932 caro
1234 1886 1296 1932 non
1318 1865 1401 1931 rodit

255 1975 295 2038 ad
317 1973 472 2053 homines,
497 1992 534 2039 ox
557 1974 672 2057 quibua
697 1977 804 2039 creata
826 1976 885 2050 ent,
909 1973 967 2039 aad
989 1973 1029 2038 ad
1050 1978 1177 2049 terram,
1196 1973 1280 2037 undo
1297 1971 1398 2056 primo

255 2081 375 2146 lromini
408 2081 543 2146 formata
575 2083 634 2158 eet,
657 2081 704 2145 ita
731 2085 764 2146 ct
792 2080 923 2164 spiritus
951 2099 1013 2146 non
1034 2079 1118 2146 rodit
1140 2079 1181 2144 ad
1202 2079 1400 2157 hominene

256 2187 371 2269 quibus
403 2187 582 2252 transfusus
615 2191 673 2262 ost,
698 2187 754 2253 sed
778 2187 818 2252 ed
842 2186 949 2268 doum,
970 2207 991 2251 a
1011 2206 1074 2270 quo
1097 2185 1216 2270 primae
1243 2185 1291 2251 illi
1314 2183 1400 2251 cami
1417 2203 1444 2243 a

255 2292 349 2357 datus
371 2295 431 2357 ont.

300 2397 369 2479 Quo
384 2397 567 2464 testimonio
584 2417 659 2464 sana
678 2399 756 2464 satis
776 2398 983 2464 admonemur
1000 2419 1036 2464 or
1054 2398 1153 2465 nihile
1172 2397 1268 2464 doum
1286 2397 1399 2462 sacione

256 2507 403 2585 animam,
429 2525 523 2589 quam
551 2506 652 2587 primo
681 2505 803 2571 homini
831 2506 930 2583 dedit,
953 2526 1015 2573 non
1044 2526 1081 2571 or
1103 2506 1211 2589 aliquo
1230 2506 1294 2570 iam
1316 2503 1401 2569 facta

256 2616 400 2679 creatora
422 2612 507 2677 siout
529 2630 643 2695 corpus
668 2632 703 2676 ex
726 2614 824 2689 terrm
849 2616 882 2677 ot
903 2611 1079 2692 ideonum
1101 2612 1194 2691 redit,
1212 2630 1275 2677 non
1293 2610 1399 2688 habet,

256 2737 318 2801 quo
351 2717 468 2794 redeat,
496 2718 558 2783 nioi
590 2718 629 2783 ad
661 2722 833 2794 auctorem,
864 2719 918 2801 qui
946 2737 1015 2783 eam
1044 2718 1140 2796 dedit,
1168 2738 1230 2784 non
1263 2716 1302 2782 ad
1329 2736 1398 2782 eam
1417 2742 1445 2782 ιο

257 2816 442 2904 ereaturam,
463 2844 498 2889 ox
522 2844 585 2908 qua
605 2825 690 2890 facta
714 2827 772 2917 est,
793 2824 879 2891 sicut
901 2843 1015 2909 corpus
1039 2826 1078 2891 ad
1095 2830 1223 2891 terram.
1245 2824 1333 2889 nulla
1351 2826 1401 2889 eat

256 2931 339 2997 enim
372 2934 524 3009 creatura,
549 2950 585 2997 er
608 2950 670 3014 qna
696 2931 782 2997 faeta
810 2934 869 3009 est,
895 2933 969 3015 qnia
991 2951 1028 2997 or
1050 2932 1149 2997 nihilo
1172 2932 1258 2996 facta
1279 2933 1339 3007 cot,
1362 2938 1399 2995 ao

255 3056 312 3121 per
333 3036 394 3101 hoc
418 3036 457 3101 ad
479 3036 630 3102 faetorem
658 3036 751 3115 rodit,
776 3056 856 3120 quae
883 3036 975 3114 redit,
1000 3055 1103 3120 aquo
1131 3056 1167 3101 ox
1194 3035 1293 3102 nihilo
1315 3036 1401 3102 facta

257 3144 316 3209 eat.
335 3160 397 3208 non
417 3142 500 3207 onim
521 3160 630 3209 omnes
648 3142 791 3222 redeunt,
807 3142 957 3225 quoniam
976 3146 1061 3223 sunt,
1078 3143 1116 3209 de
1135 3143 1250 3227 quibus
1269 3142 1398 3208 dicitm:

257 3249 417 3335 spiritus
441 3250 789 3317 ambulans-etnon
814 3251 1038 3317 mauriana·
1079 3277 1082 3284 ’
1419 3278 1447 3317 ιι

302 3358 354 3423 10.
379 3354 533 3435 Quocirca
556 3356 686 3422 difficile
710 3359 761 3421 est
784 3355 914 3439 quidem
937 3356 1043 3421 omnia
1067 3356 1105 3421 do
1126 3356 1187 3422 hac
1209 3376 1243 3422 re
1266 3355 1400 3440 scriptu-

346 3634 415 3707 ιιι.
435 3634 502 3691 oen.
521 3636 583 3701 er
638 3634 893 3699 acroenum
947 3635 1046 3709 aona.
1066 3593 1169 3699 miae
1277 3667 1279 3671 -

293 3793 441 3849 lalterum
461 3792 515 3849 PR
565 3780 742 3863 'sufragatur
759 3794 800 3849 E¹
844 3791 932 3849 diste
950 3796 979 3849 P
1007 3794 1182 3849 ⁴'dixerit—1²¹
1230 3784 1324 3866 dquo'
1338 3791 1400 3850 E'S

256 3884 404 3937 4camcm
427 3880 492 3937 ΡΒ1
582 3883 720 3953 puluerem
746 3884 784 3949 (ιιι
807 3900 867 3953 exp.
892 3900 927 3939 ιο.
953 3884 978 3951 1)
997 3884 1026 3938 Ρ
1112 3870 1268 3938 reuertatur
1287 3883 1403 3940 Panna

257 3970 380 4042 nillum]
399 3972 502 4026 camd
589 3970 822 4042 reapondomntb
893 3972 1007 4027 ddcdit
1025 3972 1130 4028 eumS
1175 3966 1346 4027 ‘ianflenit
1362 3972 1402 4028 Ε*

257 4058 368 4115 donam
386 4076 437 4114 om.
457 4060 549 4115 Paua
616 4059 650 4115 10
669 4076 721 4131 qne
739 4061 768 4115 P
842 4060 930 4131 primo
948 4056 1093 4117 hominiS
1159 4062 1190 4116 11
1210 4061 1404 4118 reuertotan

258 4152 329 4203 certo
349 4152 456 4203 constat
473 4148 587 4205 PRde
641 4150 674 4203 12
693 4153 846 4221 propagata
864 4148 898 4206 8¹
970 4150 1203 4220 quemammodum
1221 4150 1260 4204 Β
1296 4152 1330 4205 14
1347 4149 1402 4204 for·

258 4239 431 4305 metamor.
453 4238 615 4305 12m.1)P
685 4238 987 4295 ο(11ιοιιιίιιοοοιιι.ι9ι
1052 4240 1085 4294 15
1104 4238 1241 4309 carne'R'
1292 4241 1326 4295 17
1345 4255 1401 4294 am·

257 4342 397 4379 monemur
414 4326 469 4381 PR
553 4344 637 4405 Ιοιιιιι
658 4342 726 4383 uoce
750 4344 781 4381 ex
803 4328 903 4397 ιἰοοίρίο
925 4344 986 4397 cap.
1005 4328 1059 4382 XII
1076 4328 1106 4383 E
1148 4334 1153 4345 '
1193 4330 1228 4382 22
1247 4328 1288 4399 ac]
1306 4328 1357 4383 hac
1375 4328 1403 4385 R

258 4414 293 4468 23
312 4414 441 4469 factorem
460 4416 573 4470 suumb
663 4416 991 4488 idonmio(no.i.)1i
1079 4417 1130 4472 hnc
1151 4416 1219 4484 (ha.
1239 4418 1257 4472 i.
1276 4434 1312 4472 ιιι.
1331 4422 1356 4484 1)
1376 4418 1405 4473 P
