3159 4950
296 508 362 571 461)
472 506 499 559 S.
524 506 642 559 Aureli
666 507 851 575 Augustini
874 505 914 559 de
938 504 1064 560 Genesi
1087 506 1129 560 ad
1148 506 1303 561 litteram

296 700 394 763 uerba
421 700 651 783 scripturarum
679 700 870 779 diuinarum,
902 702 973 766 siue
999 702 1174 766 inuisibilis
1202 703 1272 766 siue
1294 702 1446 770 risibilis.

296 824 359 871 non
386 805 427 870 de
453 806 511 871 deo
540 812 624 876 nata,
648 807 706 872 sed
729 828 747 873 a
770 808 830 873 deo
853 808 898 873 sit
919 808 1005 873 tacta
1027 808 1067 872 de
1089 808 1205 874 nihilo:
1237 808 1381 891 ribilque
1412 808 1445 871 in

297 932 334 977 ea
357 931 428 978 esse
451 913 537 996 quod
559 914 600 979 ad
621 914 799 979 trinitatem
824 915 993 998 pertineat,
1015 914 1080 980 nisi
1106 913 1192 996 quod
1218 916 1346 979 trinitas
1373 934 1447 979 con·

297 1018 388 1097 didit,
398 1020 461 1084 ista
471 1020 599 1085 condita
611 1024 670 1085 eat
682 1026 874 1105 quapropter
882 1025 1059 1087 creaturam
1068 1022 1252 1085 uniuersam
1261 1040 1365 1103 neque
1374 1039 1448 1085 eon·

297 1126 541 1191 substantialem
559 1126 618 1192 deo
637 1145 739 1209 neque
757 1132 955 1191 coaeternam
974 1126 1025 1191 fas
1042 1132 1094 1191 est
1112 1127 1215 1192 dicere
1234 1132 1292 1192 aut
1308 1127 1446 1192 credere.
1478 1152 1495 1191 s

342 1234 422 1299 Esse
445 1236 552 1297 autem
576 1232 681 1299 omnia
705 1252 786 1315 quae
808 1232 888 1298 fecit
910 1234 989 1299 deus
1020 1234 1104 1298 bona
1126 1233 1235 1298 ualde:
1262 1234 1349 1299 mala
1370 1252 1447 1297 uero

298 1359 359 1421 non
388 1358 459 1405 csse
487 1338 656 1413 naturalia;
687 1338 744 1403 sed
771 1359 866 1403 omne
893 1340 980 1423 quod
1001 1340 1121 1405 dicitur
1151 1342 1273 1405 malum
1296 1344 1353 1404 aut
1374 1358 1448 1421 pec-

299 1450 406 1511 catum
427 1465 499 1511 esse
517 1448 573 1510 aut
591 1464 726 1529 poenam
745 1448 958 1529 peccati.nec
971 1467 1042 1513 eoae
1056 1453 1224 1531 peceatum
1238 1447 1301 1512 nisi
1313 1466 1448 1530 prauum

298 1552 417 1617 liberae
431 1552 608 1617 uoluntatis
622 1552 806 1631 adsensum,
822 1572 896 1616 cnm
910 1552 1102 1619 inclinamur
1115 1553 1154 1617 ad
1174 1573 1212 1618 ea
1229 1572 1310 1637 quae
1323 1552 1450 1617 iustitia

299 1660 390 1723 uetat
412 1660 445 1722 et
466 1658 551 1723 unde
569 1658 704 1723 liberum
724 1664 774 1724 est
792 1659 966 1736 abstinere;
988 1660 1022 1724 id
1042 1664 1093 1725 est
1110 1680 1172 1725 non
1190 1660 1223 1725 in
1241 1660 1338 1725 rebus
1355 1659 1448 1742 ipsis,
1470 1686 1497 1723 ro

300 1764 357 1829 sed
375 1764 407 1828 in
422 1782 482 1828 usu
497 1782 604 1829 earum
621 1784 681 1829 non
696 1764 853 1849 legitimo.
868 1784 948 1831 usus
962 1769 1070 1830 autern
1083 1785 1189 1830 rerum
1208 1770 1258 1830 est
1270 1764 1448 1849 legitimus,

299 1876 337 1935 ut
359 1870 464 1935 anima
485 1870 518 1935 in
540 1870 612 1955 lege
636 1870 688 1935 dei
710 1875 839 1935 maneat
860 1874 894 1935 et
914 1871 972 1935 uni
990 1871 1049 1937 deo
1072 1872 1260 1953 plenissima
1277 1871 1449 1936 dilectione

301 1978 444 2043 subiecta
467 1979 510 2043 ait
533 1984 565 2043 et
588 1980 693 2043 cetera
716 1978 778 2042 sibi
797 1976 943 2042 subiecta
961 1978 1029 2042 sine
1048 1976 1223 2059 cupiditate
1242 1980 1299 2041 aut
1315 1976 1449 2042 libidine

302 2084 470 2163 ministret,
493 2084 527 2149 id
551 2089 601 2149 est
624 2083 800 2149 secundum
822 2088 1028 2168 praeceptum
1052 2083 1112 2148 dei.
1131 2084 1178 2148 ita
1195 2083 1278 2149 enim
1301 2082 1371 2148 sine
1390 2082 1450 2146 dif-

300 2188 443 2256 ficultate
476 2194 509 2255 et
529 2190 659 2255 miseria
681 2192 713 2255 et
736 2209 811 2255 curn
843 2178 969 2255 s'nmma
999 2190 1154 2254 facilitate
1186 2194 1220 2255 et
1250 2188 1448 2255 beatitudine
1468 2214 1495 2253 a

301 2296 545 2363 administrabit.
569 2315 760 2382 poeuauero
778 2296 903 2379 peccati
926 2300 986 2375 est,
1010 2316 1084 2361 cum
1106 2295 1186 2379 ipsis
1209 2295 1363 2360 creaturis
1385 2314 1449 2359 non

302 2402 363 2469 sibi
377 2402 589 2469 semientibus
605 2402 764 2467 cruciatur
777 2402 891 2480 anima,
907 2422 980 2468 oum
995 2402 1053 2468 deo
1071 2402 1143 2487 ipsa
1157 2422 1219 2468 non
1234 2402 1349 2467 seruit:
1367 2418 1448 2484 qnae

302 2512 445 2576 ereatura
462 2511 510 2575 illi
534 2509 783 2594 obtemperabat,
808 2527 879 2574 cum
899 2509 970 2593 ipsa
988 2511 1229 2595 obtemperabat
1250 2511 1320 2576 deo.
1338 2510 1448 2592 itaque

301 2637 361 2682 non
386 2635 456 2682 ease
480 2617 587 2702 ignem
610 2617 741 2692 malum,
766 2615 841 2698 quia
863 2620 1007 2681 ereatura
1030 2617 1082 2682 dei
1106 2629 1168 2694 est-3
1194 2618 1251 2683 sed
1272 2620 1379 2681 tamen
1398 2614 1449 2678 uri

301 2742 338 2788 eo
357 2722 597 2788 inbecillitatem
615 2725 755 2787 nostram
770 2741 807 2786 er
820 2723 935 2786 merito
958 2725 1091 2806 peceati.
1115 2724 1179 2788 dici
1196 2727 1303 2788 autem
1317 2724 1449 2807 peecata
1467 2749 1495 2785 ιο

301 2829 466 2907 naturalia,
495 2848 575 2913 quae
604 2847 734 2894 necesse
762 2833 813 2894 est
836 2830 994 2894 committi
1018 2836 1090 2895 ante
1112 2831 1362 2897 misericordiam
1385 2827 1447 2905 dei,

302 2939 471 3020 postquam
480 2935 512 2999 in
521 2935 604 3000 hanc
617 2935 718 3000 uitam
732 2954 789 3019 per
803 2939 969 3018 peccatum
983 2935 1076 3002 liberi
1092 2937 1213 3001 arbitrii
1226 2935 1310 3020 lapsi
1324 2953 1446 2999 surmus.

345 3041 503 3106 Renouari
535 3045 641 3106 antem
673 3041 834 3106 hominem
866 3061 923 3124 per
947 3043 1055 3108 Iesum
1085 3041 1246 3109 Christum
1283 3041 1448 3108 dominum

302 3151 457 3224 nostrum,
482 3164 555 3212 oum
578 3147 648 3230 ipsa
676 3146 844 3212 ineffabilis
867 3152 901 3213 et
922 3149 1194 3214 incommutabilis
1218 3147 1269 3213 dei
1292 3147 1450 3231 sapientia

302 3255 432 3337 plenum
455 3256 623 3336 totumque
646 3253 806 3318 hominem
831 3253 993 3337 suscipere
1016 3253 1145 3339 dignata
1168 3258 1219 3319 est
1241 3257 1274 3319 et
1295 3255 1386 3319 nasci
1409 3253 1448 3317 de
1467 3281 1496 3320 aa

303 3361 419 3446 spiritu
438 3363 545 3426 sancto
565 3363 598 3425 et
620 3359 744 3444 uirgine
758 3359 874 3437 Maria,
899 3359 1051 3443 crucifigi,
1077 3361 1206 3444 sepeliri
1229 3365 1262 3424 et
1282 3378 1448 3445 resurgere

303 3473 335 3534 et
363 3467 530 3533 ascendere
558 3465 590 3531 in
620 3467 754 3546 caelum,
783 3466 868 3548 quod
896 3467 960 3530 iam
987 3466 1191 3543 factumest,
1216 3471 1249 3532 et
1276 3465 1385 3530 nenne
1409 3463 1448 3528 ad

303 3573 488 3641 iudicandos
515 3573 610 3639 uiuos
639 3576 671 3637 et
698 3575 841 3638 mortuos
863 3573 896 3637 in
919 3572 981 3637 fine
1005 3572 1124 3637 saeculi
1157 3576 1190 3637 et
1216 3571 1448 3638 resurrectione

303 3685 500 3748 mortuorum
522 3682 555 3745 in
579 3699 681 3758 carna,
701 3679 786 3761 quod
809 3677 914 3744 adhuc
936 3679 1081 3744 futurum
1103 3679 1313 3762 praedicatur.
1338 3677 1448 3743 datum

341 3889 528 3945 ldiuinarum
548 3889 740 3959 seripturarum
759 3885 859 3941 MLbd
928 3883 1016 3940 ideo
1034 3885 1112 3954 nata]
1134 3883 1179 3939 dei
1197 3889 1295 3940 natura
1313 3885 1351 3940 bd
1422 3888 1449 3956 a]

305 3979 383 4034 erV
454 3979 548 4048 baut]
574 3981 656 4047 atque
679 3975 781 4031 Torta
854 3974 966 4045 casse]
991 3974 1098 4029 licced
1187 3973 1255 4028 deus
1273 3991 1325 4029 om.
1347 3973 1449 4028 TMLb

307 4069 341 4123 10
359 4067 421 4122 istis
435 4065 535 4121 MLbd
589 4068 619 4121 11
641 4081 695 4119 non
714 4081 765 4120 om.
780 4062 859 4117 ΜΠ)
914 4064 947 4118 13
966 4063 1067 4132 cetera]
1086 4061 1200 4117 ecclesia
1216 4061 1243 4115 V
1309 4061 1396 4117 libine
1415 4063 1449 4116 1¹¹

307 4157 339 4211 17
359 4155 541 4210 seruientibus
560 4171 611 4210 ooo.
630 4153 692 4207 ML
783 4155 817 4207 18
835 4151 1042 4223 obtemperabat
1060 4154 1088 4220 (a
1098 4152 1147 4220 fia.
1166 4167 1254 4221 cupra
1272 4151 1281 4204 i
1298 4152 1405 4221 script.)
1421 4151 1450 4204 1,

305 4241 510 4315 obtemperabat
527 4242 624 4299 com
723 4243 756 4297 19
779 4243 833 4312 uri]
857 4230 898 4296 uri
920 4241 947 4296 V
1025 4242 1060 4295 22
1078 4241 1137 4313 per]
1162 4239 1273 4311 postV
1379 4241 1450 4311 lapsi

305 4351 398 4389 sumus
417 4331 518 4388 om.V
605 4332 640 4386 23
659 4335 750 4386 autern
769 4348 820 4386 om.
839 4330 918 4386 ΜΗ)
1007 4331 1043 4384 21
1066 4331 1105 4400 et]
1129 4334 1211 4401 atque
1229 4329 1255 4383 L
1279 4332 1327 4383 aut
1346 4329 1362 4383 b
1381 4329 1451 4384 aad

305 4422 580 4478 reresurrectionis]
600 4421 637 4475 bd
690 4420 930 4489 abdatom1dato
953 4418 979 4475 V
