3159 4950
422 503 464 557 de
492 501 634 557 Genesi
661 501 705 557 ad
731 502 913 556 litteram
940 502 1005 560 lib.
1033 503 1085 560 111.
1275 509 1312 572 7]

173 718 364 782 quemqnam
388 699 472 765 enim
495 699 561 766 sint
583 701 615 766 et
633 698 783 764 animalia
799 699 971 775 terrestria,
989 717 1071 782 quae
1088 702 1204 782 repunt
1222 718 1318 783 super

171 810 297 882 terram,
325 808 434 872 tamen
462 825 499 872 ex
525 807 629 872 mnlto
661 806 779 872 maiore
812 825 945 870 numero
972 805 1109 889 pedibus
1137 810 1315 883 mouentum

52 989 57 996 Ι
171 916 203 977 et
224 916 291 976 tam
312 931 416 995 pauca
437 912 573 978 fortasse
596 914 629 978 in
652 913 745 978 terris
768 916 892 996 repunt,
923 931 1016 995 quam
1045 931 1147 995 pauca
1169 913 1200 978 in
1225 913 1315 994 aquis

79 1018 83 1026 '
171 1019 369 1104 gradiuntur.

143 1145 155 1184 a
213 1126 370 1193 Nonnulli
392 1130 500 1192 autem
522 1131 718 1210 putauerunt
744 1130 912 1211 propterea
938 1146 1001 1193 non
1029 1127 1167 1192 animam
1194 1126 1316 1204 uiuam,

172 1233 227 1298 sed
258 1233 417 1316 reptilia
448 1233 654 1298 animarum
685 1233 859 1298 uiuorum
891 1234 996 1316 pisces
1030 1251 1100 1298 esse
1128 1231 1315 1316 appellatos,

171 1339 255 1422 quod
287 1339 334 1404 eis
365 1339 519 1405 memoria
548 1340 639 1404 nulla
668 1340 713 1406 sit
743 1359 802 1406 nec
834 1341 941 1424 aliqua
972 1339 1042 1406 uita
1079 1338 1171 1404 uelut
1200 1338 1315 1403 rationi

170 1446 321 1523 nicinior;
347 1445 404 1511 sed
425 1446 510 1511 fallit
532 1465 588 1512 eos
610 1445 803 1530 experientia
828 1447 941 1514 minor.
964 1465 1037 1512 narn
1061 1445 1189 1529 quidam
1218 1445 1314 1527 scrip·

171 1557 289 1632 serunt,
323 1572 404 1636 quae
436 1552 689 1619 animaduertere
721 1557 896 1637 potnerunt
932 1555 965 1618 in
998 1553 1130 1619 uiuariis
1167 1552 1313 1636 piscium,

132 1660 273 1724 omelia
290 1660 444 1725 miranda.
468 1661 525 1725 sed
547 1660 675 1726 etiamsi
697 1661 779 1727 forte
801 1662 884 1726 falsa
902 1661 1107 1744 scripserunt,
1126 1659 1314 1725 memoriam

170 1771 276 1832 temen
299 1767 405 1850 pisces
423 1767 538 1832 habere
557 1768 773 1834 certissimum
791 1771 851 1834 est.
875 1767 960 1852 quod
978 1769 1047 1851 ipse
1067 1787 1138 1834 sum
1158 1769 1314 1850 expertus,

172 1877 204 1938 et
216 1875 425 1956 experiantur,
439 1874 494 1958 qui
512 1883 649 1957 possunt
666 1878 700 1940 et
716 1876 842 1942 nolunt.
860 1895 933 1940 nam
947 1875 1018 1941 sons
1034 1875 1163 1958 quidem
1177 1891 1312 1956 magnus

171 1979 370 2046 Bullensium
397 1981 563 2065 regionum
585 1983 651 2047 fere
674 1983 789 2065 plenus
812 1986 863 2047 est
888 1981 1037 2066 piscium.
1074 1983 1178 2047 solent
1206 1982 1313 2045 autem

171 2087 314 2152 homines
341 2087 478 2171 desuper
508 2088 667 2154 intuentes
695 2089 743 2154 eis
770 2089 893 2172 aliquid
919 2088 1032 2164 iacere,
1061 2089 1145 2173 quod
1174 2087 1235 2153 sibi
1262 2087 1315 2152 uel

133 2209 156 2247 1⁵
170 2193 361 2278 praeripiant
398 2196 593 2260 confluentes
630 2196 684 2260 uel
714 2196 798 2261 inter
829 2215 864 2261 se
896 2195 1047 2280 diripiant
1083 2195 1313 2262 concertantes.

171 2318 233 2382 quo
255 2303 350 2384 pastu
373 2299 549 2366 adsuefacti
573 2301 851 2367 deambulantibus
875 2321 971 2385 super
993 2320 1080 2367 oram
1099 2301 1195 2367 fontis
1214 2299 1315 2364 homi·

170 2406 263 2472 nibus
286 2407 350 2491 ipsi
373 2425 499 2492 qnoque
523 2426 597 2474 cum
621 2410 667 2475 eis
691 2409 847 2495 gregatim
867 2408 1003 2475 natando
1024 2411 1101 2475 eunt
1120 2411 1151 2474 et
1168 2406 1313 2485 redeunt,

171 2518 382 2598 expectantes,
397 2515 481 2580 unde
495 2516 617 2600 aliquid
629 2517 760 2592 iactent,
775 2535 911 2599 quornm
928 2516 1141 2600 praesentiam
1160 2514 1313 2579 sentiunt.

170 2640 232 2687 non
253 2622 363 2706 itaque
385 2622 505 2687 frustra
526 2621 607 2687 mibi
629 2621 758 2687 uidetur
784 2640 938 2705 aquarum
967 2621 1116 2687 animalia
1139 2620 1186 2686 sio
1208 2621 1314 2705 appel-

129 2752 155 2791 ω
169 2730 234 2793 leta
255 2728 392 2812 reptilia,
417 2728 687 2812 quemadmodum
709 2746 786 2794 aues
809 2730 974 2807 uolatilie3
1001 2748 1074 2793 nam
1098 2728 1126 2793 si
1148 2727 1202 2792 nel
1225 2728 1314 2791 nulla

170 2835 322 2900 memoria
342 2835 398 2900 uel
421 2854 534 2901 sensus
557 2836 677 2900 tardior
698 2836 822 2901 animae
845 2836 939 2901 uiuae
962 2854 1078 2903 nomen
1100 2834 1274 2917 repulisset
1297 2852 1315 2898 a

169 2940 323 3024 piscibus,
346 2941 535 3007 noletilibus
559 2945 643 3007 certe
667 2942 880 3019 adhiberetur,
910 2960 1044 3025 quorum
1066 2942 1136 3007 uite
1157 2941 1189 3007 in
1214 2940 1314 3008 oculis

170 3047 287 3113 nostris
324 3051 374 3112 est
407 3050 440 3112 et
470 3066 593 3113 memor
624 3052 657 3113 et
687 3048 814 3133 gamela
847 3052 880 3113 et
909 3049 943 3113 in
974 3048 1058 3113 nidis
1095 3048 1314 3115 construendis

170 3152 406 3237 educandisque
429 3154 549 3220 fetibus
572 3154 806 3221 sollertissima.

56 3350 59 3357 Ι
128 3283 185 3321 se·
214 3261 246 3325 9.
278 3262 346 3327 Neo
373 3262 484 3345 ignoro
511 3262 558 3326 ita
581 3263 735 3344 quosdam
758 3262 968 3347 philosophos
992 3282 1050 3327 sua
1073 3262 1227 3345 cuiusque
1252 3262 1311 3327 ele-

206 3436 274 3489 let
296 3452 348 3489 om.
368 3434 408 3489 E¹
496 3439 614 3505 reppunt
632 3435 660 3489 R
749 3435 927 3490 2maiori0
1014 3437 1135 3490 3tam÷a
1155 3440 1199 3504 (en
1218 3452 1266 3495 er.)
1285 3436 1313 3491 n

169 3524 340 3591 scapus
390 3525 513 3579 nonnulli
534 3525 589 3584 (ia.
605 3524 670 3580 im.
688 3527 713 3592 l)
729 3526 757 3581 R
798 3527 888 3595 inec]
905 3526 979 3580 ueld
1035 3526 1153 3596 aliquam
1173 3526 1258 3579 uitam
1273 3526 1312 3579 El

168 3613 269 3667 rutiom
288 3614 328 3680 (ni
345 3628 367 3667 a.
388 3614 406 3667 l.
425 3630 459 3669 aa.
481 3614 507 3681 1)
526 3614 557 3668 E
608 3614 758 3669 8falletS
829 3615 1036 3685 experienciaR
1108 3613 1273 3669 scribserunt
1287 3616 1317 3669 Ε

169 3703 186 3755 9
199 3701 415 3757 animaduertere
422 3702 464 3757 Ει
518 3703 552 3758 10
565 3702 635 3757 forte
644 3709 711 3771 post
723 3705 890 3773 scripserunt
904 3704 1002 3773 lenitur
1013 3704 1071 3759 inb
1143 3702 1272 3759 memoris
1286 3704 1315 3757 Ε

170 3790 203 3845 13
220 3790 385 3845 noliensium
402 3792 434 3845 Ε
448 3790 616 3845 bulsenainm
634 3792 663 3848 a
747 3793 884 3861 regiorum
901 3791 989 3849 P²Rd
1072 3791 1186 3863 piscium
1205 3808 1256 3847 om.
1276 3792 1312 3845 P¹

170 3880 204 3935 lo
221 3878 447 3950 praeeripiantS
535 3879 567 3933 16
591 3878 743 3951 adsuefacti
762 3879 785 3933 S
810 3879 956 3935 assuefacti
979 3880 1011 3933 io
1032 3896 1088 3935 rue.
1116 3897 1150 3933 m.
1176 3881 1192 3935 2
1214 3880 1242 3936 R
1266 3880 1313 3933 ad·

168 3970 239 4023 aneti
256 3968 305 4023 Pol
388 3984 478 4023 sorem
499 3968 527 4034 (b
546 3974 594 4034 er.)
613 3970 644 4023 E
700 3970 733 4023 17
753 3969 940 4039 congregatim
958 3968 1074 4025 PRde
1129 3970 1162 4024 18
1180 3968 1264 4038 unde]
1281 3972 1313 4024 ut

167 4055 261 4111 indeb
333 4073 387 4126 quo
407 4057 452 4122 (in
468 4057 524 4124 fiae
541 4057 667 4124 sacrasti
721 4058 757 4111 20
775 4057 1010 4127 quemammodum
1024 4058 1106 4113 EPR
1179 4059 1313 4113 eteuesb

169 4147 191 4199 si
210 4145 254 4201 uel
272 4145 312 4201 m
379 4146 413 4199 21
432 4146 599 4217 reppulisset
616 4145 666 4201 80
729 4147 763 4201 22
782 4146 941 4203 uolatilibus
961 4147 992 4213 (li
1010 4164 1032 4202 e.
1053 4148 1081 4212 l.)
1100 4150 1130 4201 Ε
1200 4147 1311 4202 adhibe·

168 4239 242 4290 retur
258 4235 298 4289 ΕΙ
353 4234 564 4289 assumemur
587 4236 1095 4305 etgerrula]memoretugerruleb
1150 4252 1253 4290 memor
1271 4238 1308 4305 etl

168 4327 300 4379 memorat
321 4324 361 4381 ΕΙ
451 4325 487 4377 24
509 4322 626 4379 foetibus
650 4323 842 4380 astartibus
865 4324 946 4381 PRO
1051 4326 1266 4381 sollertissimam
1288 4326 1316 4379 P

169 4414 204 4468 ‘25
222 4429 282 4483 eep.
302 4413 341 4467 XI
360 4414 391 4467 Ε
459 4412 509 4483 ite]
527 4413 616 4467 istab
689 4414 819 4484 quosdam
841 4417 886 4480 (uo
904 4415 936 4469 iu
955 4430 1010 4469 ras.
1031 4432 1064 4469 cr.
1084 4416 1112 4485 2)
1127 4416 1154 4471 R
