3159 4950
253 448 316 511 502
416 442 442 495 S.
465 442 580 496 Aureli
603 441 791 512 Augustini
815 441 854 494 de
878 439 1002 496 Genesi
1026 442 1065 495 ed
1088 442 1240 496 litteram

253 638 453 721 apertissime
478 637 617 702 ostendit
641 637 806 719 apostolus
830 636 957 702 dicens:
982 638 1040 701 uir
1068 638 1217 721 quidem
1245 656 1317 703 non
1346 637 1417 703 de·-

252 747 317 810 bet
348 746 478 809 uolare
512 746 635 827 caput,
669 763 751 809 cum
784 744 837 809 sit
867 744 990 828 imago
1024 750 1061 807 et
1094 745 1217 829 gloria
1250 744 1319 809 dei.
1345 744 1402 809 sed

254 852 331 916 haec
353 852 459 935 imago
483 850 523 915 ad
545 850 718 935 imaginem
743 849 794 915 dei
815 850 900 915 facta
922 870 983 915 non
1008 854 1058 916 est
1086 852 1227 933 aequalis
1258 854 1292 917 et
1314 868 1403 915 coae-

254 963 343 1024 terna
356 959 416 1035 illi,
432 958 523 1023 cuius
538 957 643 1041 imago
663 960 725 1034 est3
746 976 805 1022 nee
820 961 916 1035 esset
935 957 1062 1022 etiamsi
1078 977 1253 1041 numquam
1273 957 1400 1022 omnino

253 1068 429 1149 peccasset.
453 1064 509 1129 illo
533 1066 638 1129 autem
663 1082 777 1129 sensus
805 1066 856 1129 est
881 1063 1000 1147 potius
1016 1064 1048 1129 in
1076 1064 1127 1129 his
1151 1064 1268 1129 diuinis
1291 1062 1399 1129 uerbis
1433 1089 1449 1124 s

255 1170 432 1255 eligendus,
456 1172 493 1233 ut
523 1169 594 1233 ideo
629 1168 751 1233 dictum
782 1168 1006 1253 intellegamus
1029 1188 1090 1235 non
1119 1169 1324 1253 singulariter
1346 1168 1403 1234 sed

254 1277 433 1360 pluraliter:
466 1275 651 1341 faciamus
684 1274 871 1341 hominem
899 1274 943 1339 ad
970 1275 1173 1359 imaginem
1202 1278 1239 1340 et
1268 1275 1400 1340 simili-

253 1382 424 1447 tudinem
449 1385 626 1461 nostram,
651 1381 725 1462 quia
748 1401 809 1447 non
834 1382 874 1445 ad
896 1382 997 1446 solius
1019 1381 1117 1464 patris
1138 1385 1194 1446 aut
1216 1382 1318 1447 solius
1342 1381 1402 1445 filii

253 1489 307 1554 uel
340 1489 440 1553 solius
473 1488 604 1571 spiritus
638 1487 750 1563 sancti,
775 1487 832 1551 sed
855 1488 895 1553 ad
920 1487 1023 1571 ipsius
1050 1488 1203 1553 trinitatis
1231 1487 1403 1571 imaginem

253 1595 357 1660 factus
382 1597 431 1659 est
454 1594 558 1659 homo.
587 1612 667 1676 quae
696 1594 821 1659 trinitas
848 1594 895 1657 ita
918 1597 967 1659 est
989 1595 1126 1671 trinitas,
1150 1597 1187 1659 ut
1214 1614 1297 1660 uuus
1321 1595 1400 1659 deus
1420 1623 1449 1659 ro

254 1703 306 1779 sit,
325 1703 370 1767 ita
391 1706 440 1765 est
458 1720 540 1766 unus
556 1701 644 1775 deus,
660 1704 698 1765 ut
709 1700 835 1766 trinitas
854 1700 906 1766 sit.
926 1720 988 1766 non
1008 1702 1092 1767 enim
1106 1701 1151 1765 ait
1164 1701 1230 1767 filio
1249 1702 1399 1782 loquens:

253 1809 406 1874 faciamus
421 1808 581 1874 hominem
597 1807 636 1872 ad
650 1808 821 1892 imaginem
836 1811 934 1886 tuam,
950 1810 1018 1873 aut:
1039 1808 1078 1873 ad
1096 1809 1270 1893 imaginem
1284 1827 1398 1884 meam,

254 1915 310 1981 sed
325 1915 489 1997 pluraliter
503 1914 561 1978 ait:
577 1914 620 1979 ad
634 1914 837 1999 imaginem
852 1918 890 1980 et
905 1915 1197 1981 similitudinem
1212 1918 1400 1979 nostram:

253 2042 271 2087 a
291 2040 353 2104 qua
371 2021 553 2106 pluralitate
572 2020 721 2104 spiritum
745 2025 891 2086 sanctum
909 2040 1052 2103 separare
1072 2013 1143 2104 quis
1167 2022 1305 2087 audeat?
1321 2038 1401 2103 quae

254 2129 420 2210 pluralitas
440 2129 589 2211 quoniam
606 2146 669 2193 non
692 2130 756 2191 tres
781 2126 835 2203 dii,
856 2126 911 2191 sed
934 2147 1017 2192 unus
1041 2132 1091 2192 est
1110 2128 1199 2204 deae,
1219 2128 1291 2192 ideo
1310 2128 1402 2192 intel·
1421 2154 1447 2192 ιε

253 2232 423 2315 legendum
456 2237 506 2297 est
537 2236 648 2316 postea
681 2233 869 2317 scripturam
903 2234 1104 2317 singulariter
1127 2234 1276 2299 intulisse
1305 2237 1417 2316 atque.

256 2338 386 2403 dixisse:
421 2342 457 2403 et
488 2338 582 2404 iecit
616 2340 706 2405 deus
739 2340 926 2405 hominem
959 2340 1003 2404 ad
1034 2340 1237 2425 imaginem
1265 2340 1335 2417 dei,
1358 2344 1402 2405 ut

257 2464 318 2512 non
342 2445 388 2510 sic
412 2446 586 2529 accipiatur
612 2449 774 2530 tamquam
799 2446 877 2512 deus
900 2449 990 2530 pater
1011 2446 1051 2512 ad
1069 2447 1242 2532 imaginem
1261 2446 1321 2525 dei,
1340 2448 1401 2513 hoe

257 2553 307 2616 est
329 2552 388 2616 lilii
416 2551 480 2616 sui:
510 2553 649 2634 alioquin
678 2553 835 2636 quomodo
859 2554 910 2616 est
930 2571 1054 2630 uerum,
1079 2553 1163 2636 quod
1187 2553 1309 2620 dictum
1333 2557 1399 2618 est:

254 2657 298 2722 ad
330 2658 533 2744 imaginem
565 2663 742 2738 nostram,
775 2659 804 2724 si
826 2659 866 2722 ad
889 2658 948 2722 filii
975 2660 1075 2725 solius
1098 2660 1270 2745 imaginem
1294 2661 1397 2726 iaetus
1416 2688 1441 2726 eo

256 2768 306 2830 est
337 2765 457 2830 homo?
491 2784 527 2830 ao
556 2785 612 2848 per
634 2765 695 2831 hoc
719 2765 794 2848 quia
815 2785 928 2830 uemm
951 2770 1011 2844 est,
1035 2767 1120 2848 quod
1153 2767 1198 2831 ait
1225 2767 1324 2832 deus:
1356 2767 1400 2832 ad

253 2873 455 2957 imaginem
474 2877 653 2953 nostram,
673 2875 719 2939 ita
738 2873 860 2940 dictum
879 2877 942 2938 est:
972 2874 1066 2938 iecit
1098 2874 1189 2939 deus
1213 2873 1398 2938 hominem

255 2979 298 3042 ad
330 2980 534 3063 imaginem
567 2979 635 3058 dei,
669 2983 832 3063 tamquam
861 2981 1018 3046 diceretur
1040 2979 1079 3045 ad
1105 2981 1275 3065 imaginem
1299 2999 1399 3056 suam,

256 3086 340 3168 quod
365 3089 414 3151 est
435 3087 506 3169 ipsa
528 3087 662 3152 trinitas.

297 3193 449 3258 Nonnulli
483 3197 590 3258 autem
621 3196 736 3276 putant
765 3194 837 3260 ideo
870 3214 932 3260 non
960 3195 1127 3277 repetitam
1156 3192 1398 3259 similitudinem
1414 3221 1440 3260 aa

254 3319 355 3382 neque
376 3300 511 3364 dietum:
537 3302 570 3364 et
591 3299 668 3364 iecit
692 3300 769 3364 deus
793 3300 953 3371 hominem
978 3300 1017 3364 ad
1039 3300 1211 3384 imaginem
1235 3302 1268 3363 et
1290 3299 1399 3364 simili·

253 3403 397 3469 tudinem
421 3404 481 3484 dei,
507 3405 582 3488 quia
604 3407 681 3470 tuno
705 3405 926 3470 tantummodo
950 3405 989 3468 ad
1011 3405 1183 3490 imaginem
1210 3405 1314 3470 factus
1339 3408 1397 3479 est,

254 3511 430 3576 similitudo
459 3514 565 3576 autem
592 3511 642 3575 illi
663 3513 774 3596 postea
798 3511 985 3575 seruabatur
1008 3511 1040 3575 in
1063 3513 1292 3578 resurrectione
1318 3532 1397 3577 mor-

253 3621 394 3684 tuorum:
420 3618 512 3701 quasi
533 3618 637 3702 possit
656 3637 726 3684 esse
745 3619 849 3702 imago
869 3620 987 3702 aliqua,
1007 3619 1039 3683 in
1059 3639 1122 3702 qua
1140 3620 1317 3685 similitudo
1337 3640 1396 3686 non

344 3845 357 3898 l
378 3846 392 3898 1
412 3845 471 3900 Cor.
492 3845 533 3908 11,
555 3845 571 3898 7

289 4003 454 4059 tsed-dei
473 4004 575 4060 oaaM
628 4004 717 4060 5hiis
731 4003 793 4059 ML
847 4005 1041 4075 deligendisb
1114 4005 1395 4071 utpopLutoonb

254 4110 307 4146 non
323 4099 388 4163 post
406 4092 467 4148 ideo
484 4094 607 4163 positd
677 4094 769 4164 9'uel]
790 4098 838 4148 aut
855 4092 920 4148 Lbd
997 4096 1028 4149 ll
1048 4091 1170 4149 iiliusV
1225 4097 1258 4150 14
1277 4111 1294 4149 a
1311 4094 1395 4150 caat

254 4183 287 4236 16
307 4199 360 4236 non
380 4183 555 4252 singulariter
566 4182 628 4238 ML
683 4183 715 4238 17
735 4181 790 4254 dei]
810 4185 838 4236 et
857 4182 1065 4238 similitudinem
1083 4200 1161 4238 suam
1178 4183 1206 4236 V
1258 4185 1394 4239 lituorum

254 4274 296 4324 est
313 4271 413 4326 Maca
491 4272 525 4326 22
545 4271 646 4325 dietum
665 4271 766 4326 dictum
785 4270 812 4325 L
897 4273 932 4326 25
950 4271 1013 4326 ideo
1031 4271 1093 4326 ideo
1111 4271 1138 4326 L
1219 4274 1253 4327 27
1273 4273 1320 4342 qui
1337 4269 1397 4326 ML

252 4359 341 4412 iactus
362 4363 403 4412 est
421 4375 472 4414 om.
492 4359 553 4414 ML
607 4360 641 4414 28
659 4361 883 4414 resurrectionem
902 4359 940 4413 M
953 4361 1162 4415 resurretionem
1181 4361 1208 4415 L
