<?xml version="1.0" encoding="UTF-8"?>
<!DOCTYPE html PUBLIC "-//W3C//DTD XHTML 1.0 Transitional//EN"
    "http://www.w3.org/TR/xhtml1/DTD/xhtml1-transitional.dtd">
<html xmlns="http://www.w3.org/1999/xhtml" xml:lang="en" lang="en">
 <head>
  <title>
</title>
<meta http-equiv="Content-Type" content="text/html;charset=utf-8" />
  <meta name='ocr-system' content='tesseract 3.04.00' />
  <meta name='ocr-capabilities' content='ocr_page ocr_carea ocr_par ocr_line ocrx_word'/>
</head>
<body>
  <div class='ocr_page' id='page_1' title='image "./corpusscriptoru10wiengoog_0314.png"; bbox 0 0 3159 4950; ppageno 0'>
   <div class='ocr_carea' id='block_1_1' title="bbox 225 467 1020 536">
    <p class='ocr_par' dir='ltr' id='par_1_1' title="bbox 225 467 1020 536">
     <span class='ocr_line' id='line_1_1' title="bbox 225 467 1020 536; baseline -0.01 -9"><span class='ocrx_word' id='word_1_1' title='bbox 225 472 289 534; x_wconf 82' lang='grc'>288</span> <span class='ocrx_word' id='word_1_2' title='bbox 582 467 608 520; x_wconf 74' lang='lat' dir='ltr'>S.</span> <span class='ocrx_word' id='word_1_3' title='bbox 637 467 774 520; x_wconf 78' lang='lat' dir='ltr'>Aureli</span> <span class='ocrx_word' id='word_1_4' title='bbox 803 467 1020 536; x_wconf 73' lang='lat' dir='ltr'>Augustini</span> 
     </span>
    </p>
   </div>
   <div class='ocr_carea' id='block_1_2' title="bbox 223 661 1418 1280">
    <p class='ocr_par' dir='ltr' id='par_1_2' title="bbox 223 661 1418 1280">
     <span class='ocr_line' id='line_1_2' title="bbox 224 661 1373 746; baseline 0.002 -20"><span class='ocrx_word' id='word_1_5' title='bbox 224 661 389 746; x_wconf 81' lang='lat' dir='ltr'>adponere.</span> <span class='ocrx_word' id='word_1_6' title='bbox 418 681 493 726; x_wconf 90' lang='lat' dir='ltr'>num</span> <span class='ocrx_word' id='word_1_7' title='bbox 524 662 620 727; x_wconf 88' lang='lat' dir='ltr'>etiam</span> <span class='ocrx_word' id='word_1_8' title='bbox 644 681 680 728; x_wconf 85' lang='lat' dir='ltr'>er</span> <span class='ocrx_word' id='word_1_9' title='bbox 703 662 764 739; x_wconf 74' lang='lat' dir='ltr'>his,</span> <span class='ocrx_word' id='word_1_10' title='bbox 794 681 875 744; x_wconf 91' lang='lat' dir='ltr'>quae</span> <span class='ocrx_word' id='word_1_11' title='bbox 904 661 1043 731; x_wconf 83' lang='lat' dir='ltr'>adhibet.</span> <span class='ocrx_word' id='word_1_12' title='bbox 1069 663 1190 745; x_wconf 91' lang='lat' dir='ltr'>operari</span> <span class='ocrx_word' id='word_1_13' title='bbox 1214 666 1246 727; x_wconf 88' lang='lat' dir='ltr'>et</span> <span class='ocrx_word' id='word_1_14' title='bbox 1269 682 1373 728; x_wconf 86' lang='lat' dir='ltr'>creare</span> 
     </span>
     <span class='ocr_line' id='line_1_3' title="bbox 225 769 1373 854; baseline 0.001 -20"><span class='ocrx_word' id='word_1_15' title='bbox 225 769 308 834; x_wconf 86' lang='lat' dir='ltr'>uiros</span> <span class='ocrx_word' id='word_1_16' title='bbox 345 770 398 834; x_wconf 89' lang='lat' dir='ltr'>uel</span> <span class='ocrx_word' id='word_1_17' title='bbox 437 788 563 834; x_wconf 89' lang='lat' dir='ltr'>carnem</span> <span class='ocrx_word' id='word_1_18' title='bbox 601 772 730 852; x_wconf 87' lang='lat' dir='ltr'>potest?</span> <span class='ocrx_word' id='word_1_19' title='bbox 768 772 882 833; x_wconf 89' lang='lat' dir='ltr'>natura</span> <span class='ocrx_word' id='word_1_20' title='bbox 917 769 950 832; x_wconf 92' lang='lat' dir='ltr'>id</span> <span class='ocrx_word' id='word_1_21' title='bbox 987 769 1056 854; x_wconf 85' lang='lat' dir='ltr'>agit</span> <span class='ocrx_word' id='word_1_22' title='bbox 1093 769 1243 834; x_wconf 85' lang='lat' dir='ltr'>interiore</span> <span class='ocrx_word' id='word_1_23' title='bbox 1283 775 1373 836; x_wconf 91' lang='lat' dir='ltr'>motu</span> 
     </span>
     <span class='ocr_line' id='line_1_4' title="bbox 223 875 1374 960; baseline 0.002 -20"><span class='ocrx_word' id='word_1_24' title='bbox 223 876 377 958; x_wconf 90' lang='lat' dir='ltr'>nobisque</span> <span class='ocrx_word' id='word_1_25' title='bbox 393 875 623 942; x_wconf 87' lang='lat' dir='ltr'>occultissimo.</span> <span class='ocrx_word' id='word_1_26' title='bbox 648 877 699 940; x_wconf 89' lang='lat' dir='ltr'>cui</span> <span class='ocrx_word' id='word_1_27' title='bbox 719 879 825 940; x_wconf 91' lang='lat' dir='ltr'>tamen</span> <span class='ocrx_word' id='word_1_28' title='bbox 840 876 868 941; x_wconf 90' lang='lat' dir='ltr'>si</span> <span class='ocrx_word' id='word_1_29' title='bbox 883 875 961 940; x_wconf 87' lang='lat' dir='ltr'>deus</span> <span class='ocrx_word' id='word_1_30' title='bbox 977 875 1145 940; x_wconf 87' lang='lat' dir='ltr'>subtrahat</span> <span class='ocrx_word' id='word_1_31' title='bbox 1159 877 1374 960; x_wconf 80' lang='lat' dir='ltr'>operationem</span> 
     </span>
     <span class='ocr_line' id='line_1_5' title="bbox 224 979 1374 1065; baseline 0.003 -21"><span class='ocrx_word' id='word_1_32' title='bbox 224 982 383 1059; x_wconf 80' lang='lat' dir='ltr'>intimam,</span> <span class='ocrx_word' id='word_1_33' title='bbox 421 999 482 1062; x_wconf 89' lang='lat' dir='ltr'>qua</span> <span class='ocrx_word' id='word_1_34' title='bbox 519 999 587 1046; x_wconf 84' lang='lat' dir='ltr'>eam</span> <span class='ocrx_word' id='word_1_35' title='bbox 626 980 795 1046; x_wconf 77' lang='lat' dir='ltr'>substituit</span> <span class='ocrx_word' id='word_1_36' title='bbox 832 984 865 1045; x_wconf 92' lang='lat' dir='ltr'>et</span> <span class='ocrx_word' id='word_1_37' title='bbox 901 979 986 1057; x_wconf 82' lang='lat' dir='ltr'>facit,</span> <span class='ocrx_word' id='word_1_38' title='bbox 1024 982 1174 1046; x_wconf 84' lang='lat' dir='ltr'>continuo</span> <span class='ocrx_word' id='word_1_39' title='bbox 1211 985 1374 1065; x_wconf 75' lang='lat' dir='ltr'>tamquam</span> 
     </span>
     <span class='ocr_line' id='line_1_6' title="bbox 224 1086 1418 1151; baseline 0 -1"><span class='ocrx_word' id='word_1_40' title='bbox 224 1087 362 1151; x_wconf 85' lang='lat' dir='ltr'>extincta</span> <span class='ocrx_word' id='word_1_41' title='bbox 384 1086 473 1151; x_wconf 88' lang='lat' dir='ltr'>nulla</span> <span class='ocrx_word' id='word_1_42' title='bbox 494 1086 681 1151; x_wconf 79' lang='lat' dir='ltr'>remanebit.</span> <span class='ocrx_word' id='word_1_43' title='bbox 1404 1111 1418 1150; x_wconf 80' lang='lat' dir='ltr'>s</span> 
     </span>
     <span class='ocr_line' id='line_1_7' title="bbox 269 1191 1373 1280; baseline 0.004 -23"><span class='ocrx_word' id='word_1_44' title='bbox 269 1191 465 1278; x_wconf 84' lang='lat' dir='ltr'>Quapropter</span> <span class='ocrx_word' id='word_1_45' title='bbox 488 1212 562 1258; x_wconf 91' lang='lat' dir='ltr'>cum</span> <span class='ocrx_word' id='word_1_46' title='bbox 585 1192 663 1258; x_wconf 87' lang='lat' dir='ltr'>deus</span> <span class='ocrx_word' id='word_1_47' title='bbox 687 1193 870 1258; x_wconf 89' lang='lat' dir='ltr'>uniuersam</span> <span class='ocrx_word' id='word_1_48' title='bbox 898 1197 1074 1258; x_wconf 88' lang='lat' dir='ltr'>creaturam</span> <span class='ocrx_word' id='word_1_49' title='bbox 1103 1213 1194 1259; x_wconf 87' lang='lat' dir='ltr'>suam</span> <span class='ocrx_word' id='word_1_50' title='bbox 1222 1195 1373 1280; x_wconf 86' lang='lat' dir='ltr'>bipertito</span> 
     </span>
    </p>
   </div>
   <div class='ocr_carea' id='block_1_3' title="bbox 167 1297 1419 3295">
    <p class='ocr_par' dir='ltr' id='par_1_3' title="bbox 167 1297 1419 3295">
     <span class='ocr_line' id='line_1_8' title="bbox 223 1297 1373 1383; baseline 0.001 -19"><span class='ocrx_word' id='word_1_51' title='bbox 223 1300 359 1383; x_wconf 92' lang='lat' dir='ltr'>quodam</span> <span class='ocrx_word' id='word_1_52' title='bbox 387 1299 481 1364; x_wconf 92' lang='lat' dir='ltr'>modo</span> <span class='ocrx_word' id='word_1_53' title='bbox 505 1317 598 1382; x_wconf 88' lang='lat' dir='ltr'>opere</span> <span class='ocrx_word' id='word_1_54' title='bbox 621 1297 850 1382; x_wconf 82' lang='lat' dir='ltr'>prouidentiae,</span> <span class='ocrx_word' id='word_1_55' title='bbox 876 1297 915 1362; x_wconf 90' lang='lat' dir='ltr'>de</span> <span class='ocrx_word' id='word_1_56' title='bbox 948 1314 1009 1381; x_wconf 86' lang='lat' dir='ltr'>quo</span> <span class='ocrx_word' id='word_1_57' title='bbox 1037 1299 1069 1363; x_wconf 91' lang='lat' dir='ltr'>in</span> <span class='ocrx_word' id='word_1_58' title='bbox 1098 1300 1260 1382; x_wconf 87' lang='lat' dir='ltr'>superiore</span> <span class='ocrx_word' id='word_1_59' title='bbox 1291 1301 1373 1365; x_wconf 91' lang='lat' dir='ltr'>libro</span> 
     </span>
     <span class='ocr_line' id='line_1_9' title="bbox 222 1405 1373 1482; baseline 0.002 -12"><span class='ocrx_word' id='word_1_60' title='bbox 222 1405 321 1471; x_wconf 89' lang='lat' dir='ltr'>locuti</span> <span class='ocrx_word' id='word_1_61' title='bbox 354 1423 477 1482; x_wconf 71' lang='lat' dir='ltr'>sumna</span> <span class='ocrx_word' id='word_1_62' title='bbox 511 1408 543 1469; x_wconf 84' lang='lat' dir='ltr'>et</span> <span class='ocrx_word' id='word_1_63' title='bbox 575 1405 606 1468; x_wconf 91' lang='lat' dir='ltr'>in</span> <span class='ocrx_word' id='word_1_64' title='bbox 639 1405 839 1470; x_wconf 89' lang='lat' dir='ltr'>naturalibus</span> <span class='ocrx_word' id='word_1_65' title='bbox 873 1408 906 1469; x_wconf 87' lang='lat' dir='ltr'>et</span> <span class='ocrx_word' id='word_1_66' title='bbox 938 1405 969 1468; x_wconf 93' lang='lat' dir='ltr'>iu</span> <span class='ocrx_word' id='word_1_67' title='bbox 1002 1405 1193 1471; x_wconf 87' lang='lat' dir='ltr'>uoluntariis</span> <span class='ocrx_word' id='word_1_68' title='bbox 1231 1407 1373 1472; x_wconf 88' lang='lat' dir='ltr'>motibus</span> 
     </span>
     <span class='ocr_line' id='line_1_10' title="bbox 223 1511 1373 1596; baseline 0.001 -20"><span class='ocrx_word' id='word_1_69' title='bbox 223 1513 433 1586; x_wconf 83' lang='lat' dir='ltr'>administret,</span> <span class='ocrx_word' id='word_1_70' title='bbox 464 1529 568 1576; x_wconf 88' lang='lat' dir='ltr'>creare</span> <span class='ocrx_word' id='word_1_71' title='bbox 596 1513 741 1576; x_wconf 86' lang='lat' dir='ltr'>naturam</span> <span class='ocrx_word' id='word_1_72' title='bbox 765 1514 832 1575; x_wconf 90' lang='lat' dir='ltr'>tam</span> <span class='ocrx_word' id='word_1_73' title='bbox 855 1511 965 1575; x_wconf 91' lang='lat' dir='ltr'>nullus</span> <span class='ocrx_word' id='word_1_74' title='bbox 988 1512 1120 1596; x_wconf 87' lang='lat' dir='ltr'>angelus</span> <span class='ocrx_word' id='word_1_75' title='bbox 1148 1515 1256 1596; x_wconf 85' lang='lat' dir='ltr'>potest</span> <span class='ocrx_word' id='word_1_76' title='bbox 1278 1531 1373 1595; x_wconf 90' lang='lat' dir='ltr'>quam</span> 
     </span>
     <span class='ocr_line' id='line_1_11' title="bbox 222 1617 1417 1702; baseline -0.001 -18"><span class='ocrx_word' id='word_1_77' title='bbox 222 1637 280 1684; x_wconf 89' lang='lat' dir='ltr'>nec</span> <span class='ocrx_word' id='word_1_78' title='bbox 300 1638 334 1683; x_wconf 87' lang='lat' dir='ltr'>se</span> <span class='ocrx_word' id='word_1_79' title='bbox 352 1618 468 1702; x_wconf 90' lang='lat' dir='ltr'>ipsum.</span> <span class='ocrx_word' id='word_1_80' title='bbox 493 1618 644 1682; x_wconf 85' lang='lat' dir='ltr'>uoluntas</span> <span class='ocrx_word' id='word_1_81' title='bbox 667 1635 742 1682; x_wconf 89' lang='lat' dir='ltr'>uero</span> <span class='ocrx_word' id='word_1_82' title='bbox 768 1617 914 1701; x_wconf 87' lang='lat' dir='ltr'>angelica</span> <span class='ocrx_word' id='word_1_83' title='bbox 936 1617 1141 1683; x_wconf 85' lang='lat' dir='ltr'>oboedienter</span> <span class='ocrx_word' id='word_1_84' title='bbox 1164 1619 1223 1684; x_wconf 91' lang='lat' dir='ltr'>deo</span> <span class='ocrx_word' id='word_1_85' title='bbox 1242 1618 1417 1685; x_wconf 84' lang='lat' dir='ltr'>subditam</span> 
     </span>
     <span class='ocr_line' id='line_1_12' title="bbox 223 1721 1373 1806; baseline 0.001 -19"><span class='ocrx_word' id='word_1_86' title='bbox 223 1725 355 1806; x_wconf 88' lang='lat' dir='ltr'>eiusque</span> <span class='ocrx_word' id='word_1_87' title='bbox 393 1724 524 1788; x_wconf 81' lang='lat' dir='ltr'>executa</span> <span class='ocrx_word' id='word_1_88' title='bbox 564 1721 738 1788; x_wconf 89' lang='lat' dir='ltr'>iussionem</span> <span class='ocrx_word' id='word_1_89' title='bbox 781 1723 982 1788; x_wconf 89' lang='lat' dir='ltr'>naturalibus</span> <span class='ocrx_word' id='word_1_90' title='bbox 1024 1723 1165 1789; x_wconf 87' lang='lat' dir='ltr'>motibus</span> <span class='ocrx_word' id='word_1_91' title='bbox 1203 1724 1242 1789; x_wconf 92' lang='lat' dir='ltr'>de</span> <span class='ocrx_word' id='word_1_92' title='bbox 1278 1724 1373 1789; x_wconf 89' lang='lat' dir='ltr'>rebus</span> 
     </span>
     <span class='ocr_line' id='line_1_13' title="bbox 222 1827 1373 1911; baseline 0.001 -17"><span class='ocrx_word' id='word_1_93' title='bbox 222 1830 374 1895; x_wconf 90' lang='lat' dir='ltr'>subiectis</span> <span class='ocrx_word' id='word_1_94' title='bbox 403 1833 568 1911; x_wconf 84' lang='lat' dir='ltr'>tamquam</span> <span class='ocrx_word' id='word_1_95' title='bbox 604 1827 768 1894; x_wconf 84' lang='lat' dir='ltr'>materiem</span> <span class='ocrx_word' id='word_1_96' title='bbox 797 1829 989 1903; x_wconf 78' lang='lat' dir='ltr'>ministrare,</span> <span class='ocrx_word' id='word_1_97' title='bbox 1020 1835 1058 1894; x_wconf 86' lang='lat' dir='ltr'>ut</span> <span class='ocrx_word' id='word_1_98' title='bbox 1089 1830 1265 1895; x_wconf 87' lang='lat' dir='ltr'>secundum</span> <span class='ocrx_word' id='word_1_99' title='bbox 1299 1831 1373 1895; x_wconf 91' lang='lat' dir='ltr'>illas</span> 
     </span>
     <span class='ocr_line' id='line_1_14' title="bbox 221 1934 1373 2021; baseline 0.001 -20"><span class='ocrx_word' id='word_1_100' title='bbox 221 1936 410 2021; x_wconf 76' lang='lat' dir='ltr'>principales</span> <span class='ocrx_word' id='word_1_101' title='bbox 438 1935 469 1999; x_wconf 90' lang='lat' dir='ltr'>in</span> <span class='ocrx_word' id='word_1_102' title='bbox 499 1935 596 2000; x_wconf 88' lang='lat' dir='ltr'>uerbo</span> <span class='ocrx_word' id='word_1_103' title='bbox 626 1934 675 2000; x_wconf 86' lang='lat' dir='ltr'>dei</span> <span class='ocrx_word' id='word_1_104' title='bbox 702 1953 764 1999; x_wconf 91' lang='lat' dir='ltr'>nou</span> <span class='ocrx_word' id='word_1_105' title='bbox 795 1939 917 2001; x_wconf 88' lang='lat' dir='ltr'>creatas</span> <span class='ocrx_word' id='word_1_106' title='bbox 945 1937 999 2001; x_wconf 91' lang='lat' dir='ltr'>uel</span> <span class='ocrx_word' id='word_1_107' title='bbox 1027 1937 1203 2002; x_wconf 88' lang='lat' dir='ltr'>secundum</span> <span class='ocrx_word' id='word_1_108' title='bbox 1238 1937 1311 2002; x_wconf 86' lang='lat' dir='ltr'>illas</span> <span class='ocrx_word' id='word_1_109' title='bbox 1339 1936 1373 2001; x_wconf 92' lang='lat' dir='ltr'>in</span> 
     </span>
     <span class='ocr_line' id='line_1_15' title="bbox 221 2042 1374 2126; baseline 0 -20"><span class='ocrx_word' id='word_1_110' title='bbox 221 2042 331 2126; x_wconf 90' lang='lat' dir='ltr'>primis</span> <span class='ocrx_word' id='word_1_111' title='bbox 351 2061 405 2108; x_wconf 83' lang='lat' dir='ltr'>ser</span> <span class='ocrx_word' id='word_1_112' title='bbox 421 2042 552 2106; x_wconf 91' lang='lat' dir='ltr'>dierum</span> <span class='ocrx_word' id='word_1_113' title='bbox 574 2042 722 2125; x_wconf 88' lang='lat' dir='ltr'>operibus</span> <span class='ocrx_word' id='word_1_114' title='bbox 747 2043 918 2108; x_wconf 80' lang='lat' dir='ltr'>causaliter</span> <span class='ocrx_word' id='word_1_115' title='bbox 940 2045 1063 2107; x_wconf 84' lang='lat' dir='ltr'>creatas</span> <span class='ocrx_word' id='word_1_116' title='bbox 1086 2043 1227 2107; x_wconf 90' lang='lat' dir='ltr'>rationes</span> <span class='ocrx_word' id='word_1_117' title='bbox 1251 2042 1374 2126; x_wconf 91' lang='lat' dir='ltr'>aliquid</span> 
     </span>
     <span class='ocr_line' id='line_1_16' title="bbox 221 2148 1419 2232; baseline 0.003 -18"><span class='ocrx_word' id='word_1_118' title='bbox 221 2155 364 2232; x_wconf 90' lang='lat' dir='ltr'>tempore</span> <span class='ocrx_word' id='word_1_119' title='bbox 395 2151 528 2213; x_wconf 89' lang='lat' dir='ltr'>creetur.</span> <span class='ocrx_word' id='word_1_120' title='bbox 552 2167 639 2213; x_wconf 89' lang='lat' dir='ltr'>more</span> <span class='ocrx_word' id='word_1_121' title='bbox 662 2148 856 2232; x_wconf 77' lang='lat' dir='ltr'>agricolandi</span> <span class='ocrx_word' id='word_1_122' title='bbox 885 2148 939 2214; x_wconf 93' lang='lat' dir='ltr'>uel</span> <span class='ocrx_word' id='word_1_123' title='bbox 966 2148 1114 2213; x_wconf 89' lang='lat' dir='ltr'>medendi</span> <span class='ocrx_word' id='word_1_124' title='bbox 1141 2152 1258 2232; x_wconf 78' lang='lat' dir='ltr'>potest.</span> <span class='ocrx_word' id='word_1_125' title='bbox 1282 2150 1374 2231; x_wconf 90' lang='lat' dir='ltr'>quale</span> <span class='ocrx_word' id='word_1_126' title='bbox 1392 2179 1419 2218; x_wconf 82' lang='lat' dir='ltr'>rs</span> 
     </span>
     <span class='ocr_line' id='line_1_17' title="bbox 221 2245 1372 2340; baseline 0.001 -22"><span class='ocrx_word' id='word_1_127' title='bbox 221 2257 328 2338; x_wconf 87' lang='lat' dir='ltr'>itaque</span> <span class='ocrx_word' id='word_1_128' title='bbox 360 2255 573 2320; x_wconf 88' lang='lat' dir='ltr'>ministerium</span> <span class='ocrx_word' id='word_1_129' title='bbox 607 2245 665 2320; x_wconf 82' lang='lat' dir='ltr'>deo</span> <span class='ocrx_word' id='word_1_130' title='bbox 698 2254 901 2320; x_wconf 84' lang='lat' dir='ltr'>exhibuerint</span> <span class='ocrx_word' id='word_1_131' title='bbox 932 2255 1035 2340; x_wconf 80' lang='lat' dir='ltr'>augeli</span> <span class='ocrx_word' id='word_1_132' title='bbox 1073 2255 1106 2320; x_wconf 92' lang='lat' dir='ltr'>in</span> <span class='ocrx_word' id='word_1_133' title='bbox 1142 2255 1200 2319; x_wconf 90' lang='lat' dir='ltr'>illa</span> <span class='ocrx_word' id='word_1_134' title='bbox 1230 2255 1372 2320; x_wconf 87' lang='lat' dir='ltr'>mulieris</span> 
     </span>
     <span class='ocr_line' id='line_1_18' title="bbox 222 2360 1373 2442; baseline 0.001 -17"><span class='ocrx_word' id='word_1_135' title='bbox 222 2361 419 2438; x_wconf 83' lang='lat' dir='ltr'>formatione,</span> <span class='ocrx_word' id='word_1_136' title='bbox 449 2360 520 2442; x_wconf 88' lang='lat' dir='ltr'>quis</span> <span class='ocrx_word' id='word_1_137' title='bbox 548 2360 664 2426; x_wconf 89' lang='lat' dir='ltr'>audeat</span> <span class='ocrx_word' id='word_1_138' title='bbox 691 2361 878 2426; x_wconf 77' lang='lat' dir='ltr'>adfirmare?</span> <span class='ocrx_word' id='word_1_139' title='bbox 907 2361 1085 2428; x_wconf 82' lang='lat' dir='ltr'>certissime</span> <span class='ocrx_word' id='word_1_140' title='bbox 1112 2366 1219 2426; x_wconf 89' lang='lat' dir='ltr'>tamen</span> <span class='ocrx_word' id='word_1_141' title='bbox 1243 2361 1373 2426; x_wconf 85' lang='lat' dir='ltr'>dixerim</span> 
     </span>
     <span class='ocr_line' id='line_1_19' title="bbox 224 2466 1373 2552; baseline -0.002 -17"><span class='ocrx_word' id='word_1_142' title='bbox 224 2468 481 2552; x_wconf 86' lang='lat' dir='ltr'>subplementum</span> <span class='ocrx_word' id='word_1_143' title='bbox 506 2466 588 2533; x_wconf 91' lang='lat' dir='ltr'>illud</span> <span class='ocrx_word' id='word_1_144' title='bbox 611 2467 713 2533; x_wconf 88' lang='lat' dir='ltr'>camis</span> <span class='ocrx_word' id='word_1_145' title='bbox 733 2468 764 2534; x_wconf 92' lang='lat' dir='ltr'>in</span> <span class='ocrx_word' id='word_1_146' title='bbox 785 2471 894 2535; x_wconf 86' lang='lat' dir='ltr'>costae</span> <span class='ocrx_word' id='word_1_147' title='bbox 917 2470 1024 2535; x_wconf 91' lang='lat' dir='ltr'>locum</span> <span class='ocrx_word' id='word_1_148' title='bbox 1047 2469 1215 2552; x_wconf 87' lang='lat' dir='ltr'>ipsiusque</span> <span class='ocrx_word' id='word_1_149' title='bbox 1237 2467 1373 2534; x_wconf 87' lang='lat' dir='ltr'>feminae</span> 
     </span>
     <span class='ocr_line' id='line_1_20' title="bbox 224 2574 1374 2659; baseline 0 -20"><span class='ocrx_word' id='word_1_150' title='bbox 224 2594 336 2659; x_wconf 88' lang='lat' dir='ltr'>corpus</span> <span class='ocrx_word' id='word_1_151' title='bbox 374 2579 406 2640; x_wconf 92' lang='lat' dir='ltr'>et</span> <span class='ocrx_word' id='word_1_152' title='bbox 443 2574 579 2639; x_wconf 88' lang='lat' dir='ltr'>animam</span> <span class='ocrx_word' id='word_1_153' title='bbox 614 2575 962 2659; x_wconf 84' lang='lat' dir='ltr'>conformationemque</span> <span class='ocrx_word' id='word_1_154' title='bbox 998 2576 1229 2651; x_wconf 85' lang='lat' dir='ltr'>membrorum,</span> <span class='ocrx_word' id='word_1_155' title='bbox 1268 2576 1374 2640; x_wconf 89' lang='lat' dir='ltr'>omnia</span> 
     </span>
     <span class='ocr_line' id='line_1_21' title="bbox 225 2680 1419 2764; baseline 0.006 -19"><span class='ocrx_word' id='word_1_156' title='bbox 225 2683 357 2757; x_wconf 74' lang='lat' dir='ltr'>uiscera,</span> <span class='ocrx_word' id='word_1_157' title='bbox 386 2700 500 2747; x_wconf 87' lang='lat' dir='ltr'>seusus</span> <span class='ocrx_word' id='word_1_158' title='bbox 529 2700 638 2746; x_wconf 88' lang='lat' dir='ltr'>omues</span> <span class='ocrx_word' id='word_1_159' title='bbox 668 2684 701 2745; x_wconf 86' lang='lat' dir='ltr'>ot</span> <span class='ocrx_word' id='word_1_160' title='bbox 728 2680 884 2764; x_wconf 87' lang='lat' dir='ltr'>quidquid</span> <span class='ocrx_word' id='word_1_161' title='bbox 909 2685 985 2750; x_wconf 83' lang='lat' dir='ltr'>erat.</span> <span class='ocrx_word' id='word_1_162' title='bbox 1010 2701 1073 2764; x_wconf 92' lang='lat' dir='ltr'>quo</span> <span class='ocrx_word' id='word_1_163' title='bbox 1096 2682 1154 2746; x_wconf 89' lang='lat' dir='ltr'>illa</span> <span class='ocrx_word' id='word_1_164' title='bbox 1175 2685 1209 2747; x_wconf 92' lang='lat' dir='ltr'>et</span> <span class='ocrx_word' id='word_1_165' title='bbox 1231 2684 1374 2748; x_wconf 89' lang='lat' dir='ltr'>creatura</span> <span class='ocrx_word' id='word_1_166' title='bbox 1390 2711 1419 2752; x_wconf 77' lang='lat' dir='ltr'>ao</span> 
     </span>
     <span class='ocr_line' id='line_1_22' title="bbox 225 2786 1374 2872; baseline 0 -21"><span class='ocrx_word' id='word_1_167' title='bbox 225 2788 374 2852; x_wconf 88' lang='lat' dir='ltr'>ethome</span> <span class='ocrx_word' id='word_1_168' title='bbox 398 2791 432 2851; x_wconf 94' lang='lat' dir='ltr'>et</span> <span class='ocrx_word' id='word_1_169' title='bbox 453 2786 571 2851; x_wconf 82' lang='lat' dir='ltr'>femina</span> <span class='ocrx_word' id='word_1_170' title='bbox 593 2790 669 2862; x_wconf 85' lang='lat' dir='ltr'>erat,</span> <span class='ocrx_word' id='word_1_171' title='bbox 699 2788 826 2852; x_wconf 80' lang='lat' dir='ltr'>noqusi</span> <span class='ocrx_word' id='word_1_172' title='bbox 851 2788 909 2853; x_wconf 93' lang='lat' dir='ltr'>illo</span> <span class='ocrx_word' id='word_1_173' title='bbox 938 2806 1032 2871; x_wconf 89' lang='lat' dir='ltr'>opere</span> <span class='ocrx_word' id='word_1_174' title='bbox 1059 2788 1110 2853; x_wconf 92' lang='lat' dir='ltr'>dei</span> <span class='ocrx_word' id='word_1_175' title='bbox 1133 2788 1265 2866; x_wconf 84' lang='lat' dir='ltr'>sactum,</span> <span class='ocrx_word' id='word_1_176' title='bbox 1289 2787 1374 2872; x_wconf 91' lang='lat' dir='ltr'>quod</span> 
     </span>
     <span class='ocr_line' id='line_1_23' title="bbox 226 2892 1375 2977; baseline 0 -20"><span class='ocrx_word' id='word_1_177' title='bbox 226 2894 304 2957; x_wconf 90' lang='lat' dir='ltr'>deus</span> <span class='ocrx_word' id='word_1_178' title='bbox 327 2912 389 2957; x_wconf 93' lang='lat' dir='ltr'>non</span> <span class='ocrx_word' id='word_1_179' title='bbox 411 2912 467 2977; x_wconf 87' lang='lat' dir='ltr'>per</span> <span class='ocrx_word' id='word_1_180' title='bbox 490 2894 630 2977; x_wconf 79' lang='lat' dir='ltr'>angelos,</span> <span class='ocrx_word' id='word_1_181' title='bbox 655 2892 711 2958; x_wconf 86' lang='lat' dir='ltr'>sed</span> <span class='ocrx_word' id='word_1_182' title='bbox 734 2912 790 2977; x_wconf 90' lang='lat' dir='ltr'>per</span> <span class='ocrx_word' id='word_1_183' title='bbox 813 2897 916 2959; x_wconf 86' lang='lat' dir='ltr'>semet</span> <span class='ocrx_word' id='word_1_184' title='bbox 937 2895 1048 2977; x_wconf 90' lang='lat' dir='ltr'>ipsum·</span> <span class='ocrx_word' id='word_1_185' title='bbox 1066 2912 1129 2959; x_wconf 89' lang='lat' dir='ltr'>non</span> <span class='ocrx_word' id='word_1_186' title='bbox 1152 2898 1301 2976; x_wconf 86' lang='lat' dir='ltr'>operatus</span> <span class='ocrx_word' id='word_1_187' title='bbox 1324 2898 1375 2959; x_wconf 92' lang='lat' dir='ltr'>est</span> 
     </span>
     <span class='ocr_line' id='line_1_24' title="bbox 225 2998 1374 3083; baseline 0 -19"><span class='ocrx_word' id='word_1_188' title='bbox 225 3004 258 3064; x_wconf 89' lang='lat' dir='ltr'>et</span> <span class='ocrx_word' id='word_1_189' title='bbox 293 2998 425 3075; x_wconf 79' lang='lat' dir='ltr'>dimisit,</span> <span class='ocrx_word' id='word_1_190' title='bbox 451 2999 507 3065; x_wconf 88' lang='lat' dir='ltr'>sod</span> <span class='ocrx_word' id='word_1_191' title='bbox 533 2999 581 3063; x_wconf 89' lang='lat' dir='ltr'>ita</span> <span class='ocrx_word' id='word_1_192' title='bbox 617 2999 838 3065; x_wconf 90' lang='lat' dir='ltr'>continuanter</span> <span class='ocrx_word' id='word_1_193' title='bbox 874 3002 1032 3083; x_wconf 81' lang='lat' dir='ltr'>operatur,</span> <span class='ocrx_word' id='word_1_194' title='bbox 1069 3005 1107 3065; x_wconf 87' lang='lat' dir='ltr'>ut</span> <span class='ocrx_word' id='word_1_195' title='bbox 1143 3000 1204 3066; x_wconf 84' lang='lat' dir='ltr'>neo</span> <span class='ocrx_word' id='word_1_196' title='bbox 1236 3000 1374 3065; x_wconf 87' lang='lat' dir='ltr'>ullarum</span> 
     </span>
     <span class='ocr_line' id='line_1_25' title="bbox 226 3107 1374 3191; baseline 0.001 -21"><span class='ocrx_word' id='word_1_197' title='bbox 226 3108 358 3171; x_wconf 88' lang='lat' dir='ltr'>aliamm</span> <span class='ocrx_word' id='word_1_198' title='bbox 391 3124 496 3170; x_wconf 91' lang='lat' dir='ltr'>rerum</span> <span class='ocrx_word' id='word_1_199' title='bbox 530 3124 588 3171; x_wconf 86' lang='lat' dir='ltr'>neo</span> <span class='ocrx_word' id='word_1_200' title='bbox 619 3107 759 3188; x_wconf 80' lang='lat' dir='ltr'>ipsomm</span> <span class='ocrx_word' id='word_1_201' title='bbox 794 3107 980 3191; x_wconf 82' lang='lat' dir='ltr'>angelorum</span> <span class='ocrx_word' id='word_1_202' title='bbox 1011 3113 1125 3172; x_wconf 85' lang='lat' dir='ltr'>natura</span> <span class='ocrx_word' id='word_1_203' title='bbox 1157 3108 1322 3181; x_wconf 77' lang='lat' dir='ltr'>subsistat</span> <span class='ocrx_word' id='word_1_204' title='bbox 1346 3107 1374 3171; x_wconf 87' lang='lat' dir='ltr'>si</span> 
     </span>
     <span class='ocr_line' id='line_1_26' title="bbox 167 3217 1416 3295; baseline 0 -18"><span class='ocrx_word' id='word_1_205' title='bbox 167 3224 175 3241; x_wconf 92' lang='lat'><strong>·</strong></span> <span class='ocrx_word' id='word_1_206' title='bbox 227 3232 287 3277; x_wconf 91' lang='lat' dir='ltr'>non</span> <span class='ocrx_word' id='word_1_207' title='bbox 311 3217 468 3295; x_wconf 88' lang='lat' dir='ltr'>operetur.</span> <span class='ocrx_word' id='word_1_208' title='bbox 1389 3246 1416 3285; x_wconf 66' lang='lat'>25</span> 
     </span>
    </p>
   </div>
   <div class='ocr_carea' id='block_1_4' title="bbox 318 3436 656 3493">
    <p class='ocr_par' dir='ltr' id='par_1_4' title="bbox 318 3436 656 3493">
     <span class='ocr_line' id='line_1_27' title="bbox 318 3436 656 3493; baseline 0.006 -2"><span class='ocrx_word' id='word_1_209' title='bbox 318 3438 333 3491; x_wconf 83' lang='lat'><strong>7</strong></span> <span class='ocrx_word' id='word_1_210' title='bbox 351 3438 399 3493; x_wconf 93' lang='lat' dir='ltr'>lib.</span> <span class='ocrx_word' id='word_1_211' title='bbox 418 3436 485 3491; x_wconf 88' lang='lat' dir='ltr'>VIII</span> <span class='ocrx_word' id='word_1_212' title='bbox 504 3439 529 3493; x_wconf 87' lang='grc'>9.</span> <span class='ocrx_word' id='word_1_213' title='bbox 550 3439 656 3493; x_wconf 83' lang='grc'><strong>19-26</strong></span> 
     </span>
    </p>
   </div>
   <div class='ocr_carea' id='block_1_5' title="bbox 228 3579 1380 4446">
    <p class='ocr_par' dir='ltr' id='par_1_5' title="bbox 228 3579 1380 4446">
     <span class='ocr_line' id='line_1_28' title="bbox 265 3579 1378 3653; baseline 0 -18"><span class='ocrx_word' id='word_1_214' title='bbox 265 3585 429 3653; x_wconf 84' lang='lat' dir='ltr'>lapponere</span> <span class='ocrx_word' id='word_1_215' title='bbox 443 3580 481 3635; x_wconf 84' lang='lat' dir='ltr'>E¹</span> <span class='ocrx_word' id='word_1_216' title='bbox 554 3581 620 3635; x_wconf 80' lang='lat' dir='ltr'>iisd</span> <span class='ocrx_word' id='word_1_217' title='bbox 690 3582 850 3637; x_wconf 71' lang='grc' dir='ltr'>1111111111ι</span> <span class='ocrx_word' id='word_1_218' title='bbox 885 3581 1205 3653; x_wconf 77' lang='lat' dir='ltr'>2potestuatura?(eio</span> <span class='ocrx_word' id='word_1_219' title='bbox 1218 3579 1378 3649; x_wconf 59' lang='lat' dir='ltr'>distineffl</span> 
     </span>
     <span class='ocr_line' id='line_1_29' title="bbox 228 3669 1375 3740; baseline -0.001 -16"><span class='ocrx_word' id='word_1_220' title='bbox 228 3669 410 3726; x_wconf 79' lang='lat' dir='ltr'>dsubrtituit</span> <span class='ocrx_word' id='word_1_221' title='bbox 429 3672 448 3739; x_wconf 91' lang='grc'>(1</span> <span class='ocrx_word' id='word_1_222' title='bbox 468 3671 515 3738; x_wconf 77' lang='lat' dir='ltr'>fin.</span> <span class='ocrx_word' id='word_1_223' title='bbox 536 3686 569 3725; x_wconf 77' lang='lat' dir='ltr'>ct·</span> <span class='ocrx_word' id='word_1_224' title='bbox 586 3687 601 3724; x_wconf 91' lang='lat' dir='ltr'>e</span> <span class='ocrx_word' id='word_1_225' title='bbox 619 3686 653 3726; x_wconf 84' lang='lat' dir='ltr'>m.</span> <span class='ocrx_word' id='word_1_226' title='bbox 675 3672 701 3737; x_wconf 90' lang='grc'>1)</span> <span class='ocrx_word' id='word_1_227' title='bbox 720 3670 749 3727; x_wconf 81' lang='grc'>11</span> <span class='ocrx_word' id='word_1_228' title='bbox 794 3673 944 3727; x_wconf 77' lang='lat' dir='ltr'>bouumb</span> <span class='ocrx_word' id='word_1_229' title='bbox 1016 3670 1147 3740; x_wconf 89' lang='lat' dir='ltr'>nipertito</span> <span class='ocrx_word' id='word_1_230' title='bbox 1165 3670 1205 3725; x_wconf 85' lang='lat' dir='ltr'>E¹</span> <span class='ocrx_word' id='word_1_231' title='bbox 1260 3669 1375 3724; x_wconf 83' lang='lat' dir='ltr'>lmode</span> 
     </span>
     <span class='ocr_line' id='line_1_30' title="bbox 228 3760 1375 3832; baseline -0.002 -17"><span class='ocrx_word' id='word_1_232' title='bbox 228 3776 279 3815; x_wconf 84' lang='lat' dir='ltr'>om.</span> <span class='ocrx_word' id='word_1_233' title='bbox 299 3760 329 3815; x_wconf 83' lang='grc' dir='ltr'><em>Ε</em></span> <span class='ocrx_word' id='word_1_234' title='bbox 413 3764 540 3830; x_wconf 73' lang='lat' dir='ltr'>operato</span> <span class='ocrx_word' id='word_1_235' title='bbox 559 3774 580 3813; x_wconf 86' lang='lat' dir='ltr'>s.</span> <span class='ocrx_word' id='word_1_236' title='bbox 600 3760 618 3814; x_wconf 87' lang='lat' dir='ltr'>l.</span> <span class='ocrx_word' id='word_1_237' title='bbox 637 3777 672 3815; x_wconf 77' lang='lat' dir='ltr'>ne.</span> <span class='ocrx_word' id='word_1_238' title='bbox 692 3760 765 3829; x_wconf 87' lang='lat' dir='ltr'>1)P</span> <span class='ocrx_word' id='word_1_239' title='bbox 862 3760 1118 3832; x_wconf 82' lang='lat' dir='ltr'>propereuideutiae</span> <span class='ocrx_word' id='word_1_240' title='bbox 1138 3764 1181 3830; x_wconf 86' lang='lat' dir='ltr'>(pr</span> <span class='ocrx_word' id='word_1_241' title='bbox 1194 3775 1285 3829; x_wconf 73' lang='lat' dir='ltr'>poene</span> <span class='ocrx_word' id='word_1_242' title='bbox 1303 3776 1375 3814; x_wconf 81' lang='lat' dir='ltr'>eras.</span> 
     </span>
     <span class='ocr_line' id='line_1_31' title="bbox 229 3846 1376 3918; baseline 0 -16"><span class='ocrx_word' id='word_1_243' title='bbox 229 3864 291 3918; x_wconf 88' lang='lat' dir='ltr'>pere</span> <span class='ocrx_word' id='word_1_244' title='bbox 305 3864 326 3903; x_wconf 86' lang='lat' dir='ltr'>a.</span> <span class='ocrx_word' id='word_1_245' title='bbox 343 3848 360 3902; x_wconf 79' lang='grc'>1</span> <span class='ocrx_word' id='word_1_246' title='bbox 377 3848 497 3913; x_wconf 74' lang='grc' dir='ltr'><strong>αάᾱ.111</strong></span> <span class='ocrx_word' id='word_1_247' title='bbox 570 3849 738 3918; x_wconf 69' lang='grc' dir='ltr'>ιιηιετίοιίὁἵ</span> <span class='ocrx_word' id='word_1_248' title='bbox 791 3846 1066 3904; x_wconf 79' lang='lat' dir='ltr'>9administrnretS</span> <span class='ocrx_word' id='word_1_249' title='bbox 1082 3848 1266 3903; x_wconf 79' lang='lat' dir='ltr'>amministret</span> <span class='ocrx_word' id='word_1_250' title='bbox 1281 3846 1376 3902; x_wconf 72' lang='lat' dir='ltr'>m</span> 
     </span>
     <span class='ocr_line' id='line_1_32' title="bbox 230 3936 1380 4008; baseline 0 -18"><span class='ocrx_word' id='word_1_251' title='bbox 230 3937 320 4008; x_wconf 85' lang='lat' dir='ltr'>quam]</span> <span class='ocrx_word' id='word_1_252' title='bbox 340 3938 387 4007; x_wconf 89' lang='lat' dir='ltr'>qui</span> <span class='ocrx_word' id='word_1_253' title='bbox 406 3936 460 3992; x_wconf 88' lang='lat' dir='ltr'>PR</span> <span class='ocrx_word' id='word_1_254' title='bbox 534 3938 566 3991; x_wconf 83' lang='lat'>12</span> <span class='ocrx_word' id='word_1_255' title='bbox 585 3937 725 3991; x_wconf 82' lang='lat' dir='ltr'>materiam</span> <span class='ocrx_word' id='word_1_256' title='bbox 747 3938 784 3991; x_wconf 85' lang='lat' dir='ltr'>bd</span> <span class='ocrx_word' id='word_1_257' title='bbox 857 3939 889 3991; x_wconf 83' lang='lat'>15</span> <span class='ocrx_word' id='word_1_258' title='bbox 912 3936 1082 4006; x_wconf 73' lang='lat' dir='ltr'>agricolandi</span> <span class='ocrx_word' id='word_1_259' title='bbox 1106 3940 1134 4002; x_wconf 90' lang='lat' dir='ltr'>(n</span> <span class='ocrx_word' id='word_1_260' title='bbox 1157 3952 1191 3992; x_wconf 71' lang='lat' dir='ltr'>ec</span> <span class='ocrx_word' id='word_1_261' title='bbox 1208 3953 1235 3991; x_wconf 91' lang='lat' dir='ltr'>m</span> <span class='ocrx_word' id='word_1_262' title='bbox 1252 3953 1287 3993; x_wconf 73' lang='lat' dir='ltr'>aa.</span> <span class='ocrx_word' id='word_1_263' title='bbox 1305 3941 1331 4005; x_wconf 87' lang='lat'>1)</span> <span class='ocrx_word' id='word_1_264' title='bbox 1348 3936 1380 3990; x_wconf 75' lang='grc' dir='ltr'><strong><em>Ε</em></strong></span> 
     </span>
     <span class='ocr_line' id='line_1_33' title="bbox 231 4024 1377 4094; baseline 0 -15"><span class='ocrx_word' id='word_1_265' title='bbox 231 4027 264 4079; x_wconf 89' lang='grc'>16</span> <span class='ocrx_word' id='word_1_266' title='bbox 283 4025 436 4080; x_wconf 78' lang='lat' dir='ltr'>exibuennt</span> <span class='ocrx_word' id='word_1_267' title='bbox 453 4026 482 4080; x_wconf 91' lang='lat' dir='ltr'><strong><em>P</em></strong></span> <span class='ocrx_word' id='word_1_268' title='bbox 497 4024 711 4081; x_wconf 84' lang='lat' dir='ltr'>exbibueruntb</span> <span class='ocrx_word' id='word_1_269' title='bbox 764 4024 886 4081; x_wconf 80' lang='lat' dir='ltr'>lllamS</span> <span class='ocrx_word' id='word_1_270' title='bbox 937 4026 971 4079; x_wconf 84' lang='grc'>17</span> <span class='ocrx_word' id='word_1_271' title='bbox 990 4024 1223 4081; x_wconf 77' lang='lat' dir='ltr'>formationemS</span> <span class='ocrx_word' id='word_1_272' title='bbox 1273 4025 1377 4094; x_wconf 85' lang='lat' dir='ltr'>tamen]</span> 
     </span>
     <span class='ocr_line' id='line_1_34' title="bbox 230 4114 1376 4186; baseline 0 -19"><span class='ocrx_word' id='word_1_273' title='bbox 230 4116 325 4169; x_wconf 87' lang='lat' dir='ltr'>cumb</span> <span class='ocrx_word' id='word_1_274' title='bbox 393 4114 426 4169; x_wconf 88' lang='grc'><strong>18</strong></span> <span class='ocrx_word' id='word_1_275' title='bbox 446 4114 643 4185; x_wconf 85' lang='lat' dir='ltr'>suplementum</span> <span class='ocrx_word' id='word_1_276' title='bbox 662 4116 693 4170; x_wconf 87' lang='grc' dir='ltr'><em>Ε</em></span> <span class='ocrx_word' id='word_1_277' title='bbox 761 4115 919 4186; x_wconf 75' lang='lat' dir='ltr'>ipsiusquae</span> <span class='ocrx_word' id='word_1_278' title='bbox 938 4116 968 4170; x_wconf 84' lang='lat' dir='ltr'><em>E</em></span> <span class='ocrx_word' id='word_1_279' title='bbox 1037 4114 1136 4170; x_wconf 84' lang='lat' dir='ltr'>lemine</span> <span class='ocrx_word' id='word_1_280' title='bbox 1154 4114 1182 4168; x_wconf 95' lang='lat' dir='ltr'><strong><em>P</em></strong></span> <span class='ocrx_word' id='word_1_281' title='bbox 1247 4114 1284 4169; x_wconf 76' lang='lat'>20</span> <span class='ocrx_word' id='word_1_282' title='bbox 1301 4114 1376 4184; x_wconf 85' lang='lat' dir='ltr'>quic·</span> 
     </span>
     <span class='ocr_line' id='line_1_35' title="bbox 231 4191 1377 4274; baseline 0 -19"><span class='ocrx_word' id='word_1_283' title='bbox 231 4201 375 4273; x_wconf 75' lang='lat' dir='ltr'>qunrna</span> <span class='ocrx_word' id='word_1_284' title='bbox 429 4203 681 4272; x_wconf 63' lang='lat' dir='ltr'>quandonam</span> <span class='ocrx_word' id='word_1_285' title='bbox 714 4204 746 4257; x_wconf 81' lang='lat'>21</span> <span class='ocrx_word' id='word_1_286' title='bbox 763 4191 1053 4274; x_wconf 66' lang='lat' dir='ltr'>nunnamenster</span> <span class='ocrx_word' id='word_1_287' title='bbox 1087 4201 1377 4271; x_wconf 62' lang='lat' dir='ltr'>concremans</span> 
     </span>
     <span class='ocr_line' id='line_1_36' title="bbox 230 4290 1376 4363; baseline -0.001 -18"><span class='ocrx_word' id='word_1_288' title='bbox 230 4292 266 4345; x_wconf 81' lang='grc'>23</span> <span class='ocrx_word' id='word_1_289' title='bbox 285 4293 324 4361; x_wconf 91' lang='lat' dir='ltr'>et]</span> <span class='ocrx_word' id='word_1_290' title='bbox 342 4294 427 4346; x_wconf 89' lang='lat' dir='ltr'>necb</span> <span class='ocrx_word' id='word_1_291' title='bbox 501 4291 610 4345; x_wconf 88' lang='lat' dir='ltr'>demisit</span> <span class='ocrx_word' id='word_1_292' title='bbox 628 4292 656 4346; x_wconf 91' lang='lat' dir='ltr'><strong><em>P</em></strong></span> <span class='ocrx_word' id='word_1_293' title='bbox 725 4292 853 4363; x_wconf 84' lang='lat' dir='ltr'>ullarum]</span> <span class='ocrx_word' id='word_1_294' title='bbox 872 4292 1023 4348; x_wconf 83' lang='lat' dir='ltr'>illarumS</span> <span class='ocrx_word' id='word_1_295' title='bbox 1080 4294 1115 4347; x_wconf 72' lang='lat'>24</span> <span class='ocrx_word' id='word_1_296' title='bbox 1133 4290 1267 4346; x_wconf 82' lang='lat' dir='ltr'>subsistat</span> <span class='ocrx_word' id='word_1_297' title='bbox 1285 4294 1309 4355; x_wconf 88' lang='lat' dir='ltr'>(s</span> <span class='ocrx_word' id='word_1_298' title='bbox 1322 4290 1376 4360; x_wconf 80' lang='lat' dir='ltr'>fin.</span> 
     </span>
     <span class='ocr_line' id='line_1_37' title="bbox 232 4380 440 4446; baseline 0.01 -13"><span class='ocrx_word' id='word_1_299' title='bbox 232 4380 440 4446; x_wconf 62' lang='lat' dir='ltr'>admnE</span> 
     </span>
    </p>
   </div>
   <div class='ocr_carea' id='block_1_6' title="bbox 0 0 1590 4950">
    <p class='ocr_par' dir='ltr' id='par_1_6' title="bbox 0 0 1590 4950">
     <span class='ocr_line' id='line_1_38' title="bbox 0 0 1590 4950; baseline 0 0"><span class='ocrx_word' id='word_1_300' title='bbox 0 0 1590 4950; x_wconf 95' lang='lat' dir='ltr'> </span> 
     </span>
    </p>
   </div>
  </div>
 </body>
</html>
