3159 4950
241 487 282 548 58
590 483 616 538 S.
645 481 781 537 Aureli
809 483 1029 552 Augustini

241 683 301 754 cat,
326 697 398 742 oum
424 677 544 742 dictum
569 680 632 743 est:
657 676 769 764 ἀρχήν,
795 683 829 743 et
850 679 882 743 in
907 679 1046 744 Psalmis
1070 681 1211 763 apertius
1230 681 1386 764 scriptum

240 786 303 848 est:
320 784 437 848 solem
454 784 490 848 in
505 786 736 867 potestatem
752 785 839 862 diei,
855 785 982 850 lunam
1003 779 1046 851 et‘
1059 787 1197 851 stellas
1211 787 1248 850 in
1263 789 1386 871 potes·

244 879 362 954 tatem
386 891 510 956 noetis
537 927 573 938 —
599 911 661 957 non
687 891 814 976 cogitur
836 911 855 956 a
878 895 990 975 quarta
1012 892 1136 957 decima
1158 912 1322 958 numerare
1355 899 1388 957 st

240 998 365 1062 credero
388 997 497 1062 lunam
520 996 637 1062 factam
660 997 760 1080 primo
786 1017 857 1062 esse
880 1017 941 1062 non
964 998 1110 1082 primam.

286 1107 337 1168 16.
363 1100 477 1183 Quaeri
497 1105 592 1170 etism
612 1105 703 1181 solet,
724 1107 832 1169 utrum
849 1106 929 1170 caeli
941 1106 1110 1170 luminaria
1122 1107 1187 1172 ista
1204 1107 1385 1190 conspicua.
1418 1129 1431 1168 s

238 1211 271 1275 id
296 1215 346 1276 est
378 1212 426 1276 sol
455 1214 489 1276 et
509 1212 586 1276 luna
609 1215 641 1276 st
664 1212 785 1286 stellae.¹
818 1211 993 1294 aequaliter
1015 1213 1169 1297 fulgeant,
1202 1213 1268 1285 sed,
1302 1213 1387 1295 quod

240 1316 376 1382 diuersis
400 1317 578 1384 interuallis
603 1319 722 1384 distent
744 1337 762 1382 a
785 1321 878 1398 terra,
906 1322 1072 1402 propterea
1094 1319 1220 1386 diuersa
1243 1321 1387 1385 claritate

238 1424 341 1508 magis
365 1424 534 1507 minusque
558 1425 675 1490 nostris
700 1425 803 1491 oeulis
826 1425 1006 1510 adpareaut.
1041 1429 1074 1491 et
1096 1426 1135 1492 ds
1157 1427 1234 1490 luna
1257 1426 1386 1510 quidem

239 1531 293 1612 qui
316 1531 395 1595 haee
419 1531 539 1609 dieunt,
564 1550 624 1596 non
651 1531 798 1597 dubitant
820 1551 890 1596 eam
908 1531 1014 1597 minus
1032 1534 1139 1598 lucere
1158 1552 1253 1616 quam
1273 1533 1385 1608 solem,

239 1656 342 1720 aquo
376 1637 471 1702 etiam
501 1638 668 1719 perhibent
699 1637 871 1719 inlustrari.
905 1639 1023 1704 multas
1047 1646 1155 1704 autem
1189 1639 1299 1704 stellas
1333 1639 1387 1703 uel
1405 1662 1431 1698 ro

239 1745 386 1825 aequales
420 1745 479 1809 soli
513 1746 566 1809 uel
599 1745 695 1810 etism
718 1745 854 1810 maiores
878 1745 996 1810 audent
1028 1747 1142 1822 dicere,
1177 1745 1234 1810 sed
1256 1746 1386 1830 longius

238 1850 359 1932 positas
383 1869 497 1932 paruas
512 1851 623 1916 uideri.
644 1856 677 1916 et
694 1852 785 1916 nobis
806 1851 936 1934 quidem
952 1855 1062 1934 potest
1079 1853 1215 1918 sortasse
1229 1852 1385 1927 sulficere,

239 1957 483 2038 quoquomodo
512 1977 546 2022 se
574 1959 637 2023 ista
660 1977 709 2023 res
733 1959 857 2033 habeat,
887 1959 1006 2023 artifice
1034 1958 1092 2024 deo
1121 1960 1250 2024 condita
1273 1958 1384 2023 sidera.

239 2046 430 2146 quamquam
445 2067 609 2130 teneamus
624 2065 811 2129 auctoritate
825 2066 1003 2149 apostoliea
1017 2065 1153 2130 dietum:
1173 2066 1249 2130 alia
1262 2066 1388 2150 gloria

239 2171 340 2235 solis.
353 2174 390 2236 et
409 2171 483 2235 alia
505 2172 628 2254 gloria
641 2174 752 2237 lunae
768 2173 891 2236 etalia
905 2172 1027 2256 gloria
1041 2173 1255 2241 stellarum:
1269 2172 1386 2236 stelle
1404 2195 1430 2234 15

239 2277 335 2341 enim
360 2278 403 2342 ab
432 2278 548 2342 stella
571 2273 705 2342 differt
726 2279 763 2342 in
787 2279 922 2363 gloria.
947 2279 1004 2343 sed
1023 2279 1099 2361 quia
1123 2281 1261 2361 possunt
1283 2278 1386 2342 adhuc

239 2385 352 2449 disere.
386 2385 513 2450 etiamsi
545 2405 607 2450 non
640 2386 791 2451 resistant
823 2386 983 2468 apostolo:
1016 2385 1166 2449 differunt
1192 2384 1321 2468 quidem
1353 2385 1384 2447 in

238 2492 348 2576 glotis.
374 2493 431 2557 sed
455 2494 494 2557 od
514 2495 624 2559 oeulos
643 2498 850 2568 terrenorum,
875 2496 940 2569 aut,
965 2494 1119 2575 quiahoc
1137 2496 1384 2575 propterresur·

238 2600 382 2683 gentium
406 2600 649 2665 similitudinem
678 2599 803 2665 dicebat
830 2600 1007 2682 apostolus,
1037 2600 1091 2681 qui
1119 2618 1181 2664 non
1209 2599 1321 2681 utique
1345 2599 1384 2662 ad

239 2706 349 2771 oculos
373 2705 466 2771 aliter
489 2712 581 2771 erunt
605 2710 637 2771 et
659 2706 690 2771 in
715 2726 749 2773 se
774 2708 877 2782 aliter,
907 2706 1055 2771 differunt
1077 2706 1206 2788 quidem
1233 2709 1267 2770 et
1293 2706 1325 2768 in
1349 2724 1384 2769 se
1405 2730 1432 2765 ω

237 2812 315 2895 ipsis
350 2812 452 2877 sidera
484 2813 515 2877 in
549 2814 659 2897 gloria,
694 2813 751 2877 sed
773 2818 880 2877 tamen
904 2814 1056 2877 nonnulla
1079 2816 1155 2877 sunt
1186 2813 1284 2877 etiam
1317 2813 1384 2876 sole

237 2920 366 2997 maiora,
386 2920 447 3003 ipsi
467 2919 616 2998 uiderint,
635 2920 906 3002 quemadmodum
921 2920 1061 2985 solitam
1076 2938 1228 3003 magnum
1242 2920 1385 2983 tribuant

237 3026 459 3109 principatum.
483 3030 521 3091 ut
540 3046 612 3091 eum
627 3026 724 3091 radiis
739 3027 806 3091 suis
824 3026 978 3108 quasdam
1002 3028 1112 3092 stellas
1132 3031 1165 3090 et
1184 3046 1237 3091 eas
1257 3026 1383 3109 quidem

236 3132 438 3214 principales,
451 3133 566 3215 quibus
582 3133 719 3214 amplius
739 3132 922 3217 subplicant
931 3134 985 3199 isti
995 3153 1090 3216 quam
1100 3134 1225 3210 ceteris,
1236 3136 1269 3197 et
1277 3136 1384 3198 tenere

238 3238 344 3303 dicant
368 3242 400 3303 et
421 3244 505 3304 retro
529 3258 621 3324 agere
645 3260 663 3304 a
687 3258 781 3304 eursu
805 3240 941 3323 proprio.
965 3259 1027 3304 non
1051 3240 1135 3304 enim
1154 3239 1192 3303 fit
1209 3238 1383 3303 uerisimile
1403 3254 1431 3293 ²⁵

261 3426 263 3429 ¹
327 3466 407 3519 ans.
428 3466 487 3529 135,
507 3466 570 3521 es
627 3465 771 3521 misor.
793 3468 835 3529 15,
853 3469 887 3520 41
979 3476 985 3487 ·

275 3608 391 3660 laroim
411 3607 448 3660 Ε1
467 3606 558 3661 archin
578 3606 696 3662 WPRS
748 3607 1097 3675 3aquartadecima1l¹
1169 3608 1305 3661 numerari
1322 3608 1386 3661 E¹S

238 3695 424 3763 deapliIE
475 3694 579 3764 6quod
594 3696 676 3749 onai
733 3694 925 3749 idistentaaS'
977 3694 1166 3764 dminusque]
1185 3694 1386 3766 minusquodd

165 3784 168 3793 '
237 3787 388 3853 appareant
405 3786 433 3848 (n
451 3799 474 3838 s.
494 3784 511 3837 l.
531 3801 566 3839 or.
586 3783 657 3853 1)S
718 3783 848 3840 9hocS
916 3785 1006 3837 minus
1025 3800 1084 3839 eam
1102 3782 1217 3839 PRSM
1287 3784 1384 3853 solem]

237 3872 307 3926 solet
324 3872 354 3925 E
416 3873 450 3927 10
468 3872 620 3927 illustarib
693 3875 796 3943 autem]
816 3874 899 3927 etiam
917 3875 949 3928 in
965 3888 1023 3927 ras.
1041 3890 1076 3927 m.
1095 3874 1112 3927 2
1129 3872 1158 3928 R
1222 3872 1256 3926 12
1275 3876 1384 3944 paruas]

236 3960 344 4030 possint
367 3960 390 4014 S
479 3961 512 4015 13
537 3962 655 4032 quoquo]
682 3962 728 4032 qui
753 3978 860 4032 quoquo
887 3962 903 4016 b
980 3962 1091 4033 artifice]
1117 3962 1215 4016 scimus
1239 3963 1341 4016 artifice
1367 3962 1382 4014 b

238 4052 271 4103 15
286 4065 330 4117 pr.
351 4054 379 4103 et
396 4066 447 4104 om.
466 4049 587 4106 EPRbd
676 4052 709 4104 16
729 4052 835 4122 ablab
928 4054 960 4106 17
979 4050 1148 4106 resistuntS
1237 4052 1270 4106 18
1281 4055 1383 4105 terrae-

236 4155 331 4191 norum
350 4138 378 4193 R
450 4140 676 4193 resurrectionum
696 4140 719 4195 S
782 4142 815 4195 19
834 4141 891 4211 qui]
912 4142 976 4211 quia
995 4142 1021 4195 P
1087 4142 1122 4195 20
1140 4141 1226 4195 aliter.
1246 4140 1384 4194 Differunt

237 4226 353 4295 (sie!)b
417 4228 452 4281 22
472 4228 706 4298 quemammodum
725 4229 762 4283 Ρ1
835 4235 892 4284 tam
909 4246 1038 4300 magnum
1057 4229 1151 4284 soliS
1213 4230 1248 4283 24
1267 4230 1383 4299 amplius

236 4314 283 4368 isti
303 4332 382 4385 quam
402 4318 498 4371 ceteris
517 4318 673 4388 supplicant
690 4318 808 4374 PRde
896 4319 1032 4387 suplicent
1050 4318 1105 4372 ΕΡ
1188 4322 1291 4373 temere
1311 4323 1343 4385 (a.
1364 4319 1382 4374 l.

236 4420 270 4457 rii.
289 4405 305 4457 2
324 4420 411 4473 supra
429 4422 472 4459 me
490 4422 540 4461 ror.
560 4412 604 4475 ne)
626 4408 654 4460 Ε
688 4408 723 4461 25
743 4426 758 4461 s
777 4425 828 4462 oro¹
848 4410 878 4461 E
