3159 4950
220 426 286 491 314
568 421 597 505 S.
627 419 763 474 Aureli
791 419 1006 490 Augustini

221 618 369 684 meritum
403 615 617 706 adprehendet
639 615 701 680 nisi
725 615 795 680 eius
820 615 912 693 douo,
937 634 1031 698 quem
1055 616 1227 699 promereri
1250 615 1368 682 studet.

220 724 291 791 ideo
322 715 419 812 uiuus
454 725 579 805 oportet
605 721 700 786 etiam
729 721 832 786 infans
859 721 1048 804 baptizetur,
1072 741 1111 787 ne
1140 721 1226 788 obsit
1248 722 1369 786 animae

221 831 356 897 societas
390 829 491 894 carnis
513 828 655 921 peccati,
690 847 752 912 qua
783 827 975 911 participata
1005 827 1053 905 fir,
1084 831 1123 894 nt
1153 827 1233 894 nihil
1267 828 1371 913 possit

222 937 326 1002 anima
348 935 479 1001 infantis
503 919 677 1000 secundum
698 935 844 1017 spiritum
865 952 985 1018 sapere.
1009 934 1080 1019 ipsa
1097 935 1214 1019 quippe
1233 935 1369 1001 adfectio

222 1046 335 1128 grenat
367 1042 462 1108 etiam
495 1059 624 1124 corpore
652 1043 788 1120 exutam,
817 1041 889 1119 nisi,
917 1060 991 1106 curn
1018 1042 1051 1106 in
1079 1060 1208 1124 corpore
1232 1045 1291 1121 eet,
1315 1059 1371 1124 per
1401 1062 1415 1104 e

221 1150 350 1238 unicum
374 1147 565 1214 sacrificium
588 1147 657 1212 ueri
680 1147 853 1214 sacerdotis
876 1148 1027 1231 expietur.

268 1257 320 1322 15.
350 1253 433 1334 Quid
461 1273 547 1340 ergo,
575 1254 621 1318 uit
652 1255 778 1337 aliquis,
809 1255 838 1320 si
860 1255 1007 1330 hocnon
1038 1254 1223 1320 tumuerint
1244 1254 1295 1320 eui
1317 1256 1372 1320 nel

221 1362 408 1427 infidelitate
435 1362 489 1427 uel
517 1361 740 1446 neglegentia?
768 1361 829 1426 hoo
857 1361 986 1444 quidem
1016 1363 1111 1428 ctiam
1135 1361 1174 1427 de
1196 1361 1371 1430 maioribus

165 1465 167 1472 ’
223 1468 286 1542 dici
317 1471 434 1552 potest.
467 1472 602 1552 possunt
634 1468 719 1533 enim
751 1469 806 1534 uel
837 1472 966 1552 repente
997 1468 1097 1534 emori
1123 1470 1177 1533 uel
1204 1468 1288 1552 apud
1316 1486 1370 1533 eoo

223 1576 395 1658 aegrotare,
419 1573 475 1638 ubi
499 1572 555 1652 eie,
581 1592 643 1657 quo
667 1573 876 1658 baptizentur,
901 1593 992 1639 nemo
1021 1575 1202 1639 subueniat
1231 1575 1287 1640 red
1309 1574 1369 1652 illi,
1388 1597 1415 1637 ιο

222 1679 335 1762 inquit,
354 1679 473 1744 habeut
495 1679 590 1744 etiam
613 1683 740 1762 propria
761 1681 902 1763 peccata,
922 1697 1056 1762 quorum
1079 1679 1245 1764 indigeant
1261 1679 1370 1744 remis·

223 1786 322 1864 sione,
347 1804 427 1870 quae
451 1785 479 1850 ei
502 1785 636 1851 dimisso
662 1803 724 1850 non
753 1785 881 1866 fuerint,
904 1805 997 1852 nemo
1027 1805 1081 1852 eor
1109 1790 1195 1852 recte
1218 1787 1305 1852 dicet
1325 1787 1371 1852 iu-

222 1892 335 1956 merito
364 1891 463 1975 plecti
490 1911 546 1976 pro
575 1891 637 1968 bie,
666 1911 746 1976 quae
774 1891 807 1956 iu
835 1911 893 1957 sua
920 1892 989 1957 uita
1007 1911 1076 1971 ,sua
1097 1894 1264 1958 uoluntate
1286 1911 1371 1960 com·

223 1997 385 2074 miserint;
419 1995 476 2060 illa
507 2015 583 2062 uero
616 1996 729 2074 anima,
759 1997 813 2090 cui
839 1996 994 2079 quaedam
1026 1997 1172 2082 contagio
1199 2001 1302 2064 baete
1332 1998 1370 2063 de

212 2123 315 2170 carne
347 2101 480 2187 peccati,
505 2103 532 2168 si
556 2102 594 2168 de
617 2104 674 2180 illa
695 2103 800 2186 prima
830 2102 935 2168 anim
965 2103 1141 2188 peccatrice
1172 2123 1235 2170 uon
1267 2109 1372 2170 creata
1390 2131 1416 2172 ω

225 2215 283 2286 est,
308 2211 396 2276 nullo
420 2210 513 2276 modo
537 2211 675 2292 inputari
699 2213 807 2294 potest
829 2247 872 2256 —-
896 2211 1107 2293 nequeenim
1134 2211 1201 2276 ullo
1228 2214 1371 2295 peccato,

225 2315 424 2394 seductore,
448 2335 512 2399 qua
534 2317 580 2382 sic
603 2317 687 2382 lacta
711 2318 769 2392 est,
794 2319 828 2382 et
850 2317 908 2382 deo
933 2317 1027 2382 dante
1051 2317 1136 2382 carrd
1160 2317 1233 2382 data
1256 2322 1306 2383 est
1328 2353 1372 2365 -

226 2443 280 2490 cur
312 2423 501 2491 alienabitur
533 2423 571 2489 ab
605 2427 731 2489 aeterua
763 2424 841 2505 uita,
866 2424 894 2498 ei
920 2425 1108 2509 baptizando
1139 2423 1252 2491 infanti
1279 2445 1371 2492 nemo

226 2533 431 2599 subuenerit?
460 2551 497 2597 an
526 2530 607 2597 sorte
636 2531 717 2597 nibil
744 2532 868 2598 oberit?
895 2532 973 2615 quid
1001 2550 1076 2616 ergo
1104 2532 1234 2615 prodest
1256 2533 1296 2611 ei,
1320 2532 1372 2597 cni

226 2639 425 2712 subuenitur,
450 2638 479 2705 oi
501 2638 580 2704 nihil
604 2638 707 2717 obest,
731 2639 782 2703 cui
805 2658 868 2704 non
893 2639 1104 2703 subuenitur?
1391 2668 1417 2708 eo

271 2744 333 2811 Hic
355 2764 412 2829 pro
437 2763 495 2809 sua
517 2763 614 2823 cauea
636 2744 713 2828 quid
739 2745 930 2827 respondere
956 2745 1091 2827 possint,
1116 2745 1172 2829 qui
1197 2745 1373 2812 secundum

227 2851 398 2934 scripturas
418 2854 555 2930 sanotae,
575 2852 629 2916 uel
654 2851 738 2935 quod
762 2851 847 2936 apud
870 2872 924 2918 eae
947 2852 1127 2917 inueniatur
1149 2851 1204 2917 uel
1222 2851 1308 2935 quod
1326 2851 1373 2917 eie

227 2976 288 3024 non
311 2957 507 3036 adducetur,
532 2961 686 3023 conantur
707 2958 853 3025 adserere
872 2960 991 3025 animas
1010 2978 1111 3027 nouae
1128 2978 1191 3024 non
1210 2959 1248 3023 de
1265 2977 1374 3041 paren·

227 3064 314 3130 tibur
337 3067 454 3129 tractas
478 3064 661 3147 corporibus
686 3064 762 3143 dari,
786 3066 928 3131 nondum
951 3085 1002 3131 me
1025 3065 1154 3132 audiere
1176 3065 1231 3130 uel
1247 3064 1373 3148 uspiam

226 3171 344 3255 legisse
367 3172 477 3237 fateor.
498 3190 560 3237 non
578 3171 650 3238 ideo
675 3190 750 3237 sanc
774 3173 955 3237 absentium
978 3172 1143 3257 negotium
1167 3170 1373 3237 deserendum
1392 3198 1419 3237 2⁵

228 3281 287 3357 est,
312 3277 439 3359 siquid
467 3276 642 3361 mihique
672 3278 817 3344 adiuuem¹
843 3280 1001 3358 uideatur,
1029 3279 1212 3345 occurrerit.
1238 3282 1375 3360 possunt

228 3384 311 3449 enim
335 3383 438 3449 adhuc
462 3384 564 3449 dicere
589 3385 684 3451 deum
706 3386 896 3469 praescium,
921 3386 1079 3469 quomodo
1103 3404 1246 3470 quaeque
1270 3383 1375 3449 anima

227 3492 352 3557 uictura
370 3495 465 3569 esset,
481 3493 509 3557 ei
524 3492 644 3557 diutius
664 3494 696 3557 in
717 3512 845 3576 corpore
862 3494 999 3573 uiueret,
1018 3492 1049 3559 ei
1070 3512 1238 3577 procurare
1255 3492 1375 3557 lauacri

263 3628 496 3699 ladprachendet
509 3630 538 3683 P
582 3630 735 3700 dpossetb
781 3629 989 3699 deacridcium]
1007 3629 1167 3684 sacrificinm
1182 3627 1375 3685 mediatoried

227 3716 408 3781 ueriom.S¹
499 3716 801 3773 trienninm
888 3716 1040 3772 amoris
1129 3717 1163 3773 10
1182 3720 1308 3787 egrotare
1324 3714 1377 3772 Rs

229 3807 259 3861 ll
280 3805 421 3876 inquidR
488 3806 521 3860 12
541 3806 649 3861 dicito
710 3808 744 3877 ¹13
764 3804 838 3860 iisd
905 3807 939 3860 14
958 3806 1001 3860 cui
1021 3806 1061 3873 (ni
1077 3822 1100 3861 e.
1121 3805 1141 3861 l.
1161 3805 1228 3861 aaa.
1246 3822 1282 3860 m.
1301 3804 1377 3874 2)P

229 3895 262 3950 15
285 3896 434 3966 peccatrice
453 3895 530 3950 P¹R¹
623 3896 656 3949 16
679 3896 802 3966 peccato]
827 3898 907 3965 pacto
924 3896 955 3951 P
1044 3896 1077 3949 17
1102 3894 1196 3964 deum]
1216 3892 1377 3949 donanteS

228 3984 262 4039 18
277 4000 346 4054 quur
359 3984 413 4041 PR
459 3986 493 4039 22
513 3983 659 4045 scribturae
673 3984 700 4037 P
771 3984 1012 4043 uel-inueniatur
1029 3983 1174 4053 repetitum
1193 3981 1298 4037 dctm.
1316 3980 1376 4035 11'⁴

228 4074 263 4127 24
281 4077 383 4127 tractae
404 4077 428 4139 (c
445 4090 466 4127 e.
488 4073 506 4127 l.
525 4090 560 4126 m.
580 4072 607 4137 2)
626 4073 655 4126 Ρ
716 4072 751 4125 25
770 4070 1001 4127 dissemnduan
1057 4072 1092 4146 26
1112 4069 1227 4141 quodS
1297 4070 1378 4124 adiu·-

229 4161 348 4215 nereP¹
457 4160 650 4216 occucuritS
737 4161 771 4215 27
797 4177 867 4231 quac
892 4161 938 4230 qui
962 4161 1080 4223 enimam
1105 4165 1143 4223 (nr
1166 4176 1225 4229 exp.
1248 4176 1284 4213 m.
1305 4158 1376 4225 l)P

228 4250 263 4305 28
282 4250 388 4303 uictura
407 4250 488 4319 esset]
507 4250 630 4311 uicturae
650 4250 705 4303 ecio
724 4250 761 4303 Ρ1
822 4250 942 4321 corpore]
962 4248 1084 4305 carneS
1142 4247 1254 4316 eiqueb
1313 4263 1375 4317 pro·

229 4343 335 4393 curaret
354 4338 377 4392 S
448 4340 574 4393 salutaris
593 4339 695 4393 lauacri
714 4340 736 4394 S
806 4339 907 4393 labacri
922 4340 950 4393 P
