3159 4950
250 462 315 525 416
605 458 632 512 S.
660 456 796 511 Aureli
824 455 1038 527 Augustini

295 654 348 717 24.
372 654 459 717 Haeo
482 652 582 737 igitur
608 655 721 716 natura
748 651 912 736 spiritalia,
936 654 967 717 in
1001 673 1062 736 qua
1090 674 1151 719 non
1176 674 1316 739 corpora,
1341 655 1396 721 sed

249 780 417 845 oorporum
440 758 668 825 similitudines
688 760 914 842 exprimuntur,
934 760 1091 827 inferioris
1111 764 1236 846 generis
1255 761 1396 827 uisiones

249 870 347 934 habet
379 888 473 951 quam
499 867 582 933 illud
604 868 720 932 mentis
744 871 840 950 atquo
868 867 1107 952 intellegentiae
1135 870 1340 952 lumenque
1366 871 1398 933 et

249 978 313 1042 ista
334 974 483 1041 inferiora
506 973 721 1040 diiudicentur
748 977 781 1038 et
807 993 844 1039 ea
872 978 1052 1055 cernuntur,
1083 994 1163 1058 quae
1190 994 1294 1058 neque
1322 978 1398 1040 sunt

250 1102 382 1167 corpora
403 1101 461 1147 noo
484 1082 567 1147 ullas
591 1084 706 1166 gerunt
727 1081 845 1146 formas
869 1080 991 1147 similes
1015 1100 1191 1165 oorporum,
1215 1083 1306 1147 uelut
1328 1082 1398 1165 ipsa
1428 1106 1441 1143 ι

250 1210 340 1255 mens
365 1193 398 1255 et
420 1188 523 1253 omnis
547 1188 670 1252 animae
693 1186 829 1253 adfectio
853 1187 946 1265 bona,
975 1188 1028 1253 oui
1051 1189 1207 1255 centralis
1230 1192 1305 1255 suut
1328 1188 1396 1253 eius

250 1296 340 1376 uitia,
374 1314 454 1379 quae
486 1298 572 1359 reate
605 1296 774 1378 culpantur
805 1297 900 1377 atque
933 1295 1118 1360 damnantur
1145 1296 1177 1361 in
1205 1296 1396 1362 hominibus.

250 1424 314 1487 quo
347 1403 431 1468 enim
464 1402 526 1467 alio
558 1402 653 1466 modo
685 1402 755 1485 ipse
782 1402 966 1467 intellectus
995 1402 1056 1468 nisi
1083 1402 1298 1487 intellegendo
1327 1421 1397 1467 oon·

250 1510 405 1594 spiritur?
438 1509 484 1574 ita
515 1511 548 1573 et
580 1509 730 1586 caritas,
768 1508 957 1593 gaudium,
996 1528 1074 1593 pax,
1111 1509 1397 1594 longanimitas,

250 1617 480 1700 benignitas,
503 1616 665 1693 bonitas,
689 1613 799 1691 fides,
824 1616 1086 1694 mansuetudo,
1107 1616 1346 1682 continentia
1366 1618 1398 1680 et
1416 1632 1443 1673 ro

249 1728 356 1790 oetera
377 1722 590 1801 huiusmodi,
615 1723 732 1806 quibua
754 1722 985 1805 propinquatur
1008 1722 1077 1802 deo,
1097 1728 1130 1788 et
1152 1724 1221 1805 ipse
1247 1722 1335 1802 deus,
1361 1740 1397 1786 ex

251 1850 314 1913 quo
339 1831 454 1908 omnia,
477 1850 534 1914 per
556 1848 651 1912 quom
674 1830 790 1907 omnia,
813 1830 846 1893 in
870 1848 932 1912 quo
957 1830 1072 1895 omnia.

296 1936 496 2019 Quemquam
513 1937 621 2019 itaque
639 1937 672 2001 in
691 1935 801 2001 eadem
823 1936 929 2001 anima
950 1936 1029 2001 fiant
1051 1936 1202 2014 ultiones,
1227 1936 1296 2001 siue
1320 1954 1398 2019 quae

196 2067 199 2071 ⁴
251 2044 433 2109 sentiuntur
459 2062 515 2127 per
542 2062 667 2125 eorpus,
696 2042 781 2107 siout
807 2042 869 2107 hoo
897 2062 1083 2124 corporeum
1106 2043 1230 2107 eaelum
1258 2044 1291 2107 et
1317 2046 1399 2106 tarra

251 2153 285 2214 et
297 2168 515 2232 quaecumque
529 2148 561 2213 in
576 2148 621 2213 eis
636 2150 711 2213 note
725 2166 796 2213 esse
811 2150 956 2231 possunt,
972 2148 1239 2231 quemadmodum
1253 2150 1397 2232 possunt,
1419 2164 1444 2205 ιι

251 2258 320 2322 siue
344 2274 425 2337 qnae
449 2254 563 2339 spiritu
586 2253 735 2318 uidentur
758 2254 877 2319 similia
900 2274 1077 2338 corporum,
1102 2254 1140 2318 de
1161 2253 1277 2338 quibus
1297 2254 1400 2319 multe

250 2366 315 2429 iam
338 2363 485 2441 diximus,
509 2363 577 2427 siue
601 2380 675 2427 oum
697 2366 804 2427 mente
826 2361 1066 2445 intelleguntur,
1091 2380 1171 2445 quae
1194 2380 1251 2427 nee
1271 2380 1401 2445 corpora

251 2474 329 2537 sunt
350 2488 408 2534 neo
431 2467 659 2536 similitudines
679 2487 856 2552 eorponrm,
876 2468 995 2534 habent
1012 2470 1124 2552 utique
1144 2468 1285 2534 ordinem
1304 2487 1399 2534 suum

251 2581 285 2642 et
317 2579 367 2642 est
398 2575 485 2640 aliud
518 2575 581 2640 alio
613 2573 869 2656 praecellentius.
902 2575 1113 2655 praestantior·
1136 2576 1187 2640 est
1209 2573 1293 2638 enim
1316 2573 1399 2638 nisio

250 2681 404 2766 spiritalis
429 2699 523 2765 quern
547 2680 719 2762 oorporalie
743 2684 775 2744 et
797 2699 908 2746 rursus
935 2680 1147 2762 praestantior
1172 2678 1400 2748 intellectualis
1417 2697 1444 2736 eo

252 2810 347 2873 quem
370 2788 534 2872 spiritalis.
558 2787 729 2870 corporalis
753 2787 838 2853 enim
862 2787 931 2852 sine
955 2786 1091 2870 spiritali
1113 2806 1264 2854 essenon
1282 2789 1398 2871 potest,

251 2893 508 2978 qnandoquidem
539 2897 702 2960 momento
735 2893 857 2971 eodem,
891 2911 952 2974 quo
986 2910 1101 2976 eorpus
1133 2912 1228 2960 sensu
1261 2893 1399 2976 eorporis

252 3002 404 3086 tangitur,
433 3001 469 3065 nt
497 3000 593 3066 etiam
620 3000 652 3064 in
681 2999 785 3065 animo
813 3001 877 3066 tale
906 2999 1036 3083 aliquid,
1064 3019 1126 3066 non
1155 2999 1240 3083 quod
1262 3001 1324 3066 hoo
1346 3001 1399 3076 eit,

252 3107 310 3173 sed
333 3107 418 3189 qnod
443 3107 548 3174 simile
571 3107 629 3172 sit:
654 3106 740 3189 quod
759 3107 788 3172 si
807 3125 868 3172 non
887 3107 986 3185 fieret,
1006 3125 1065 3172 neo
1088 3125 1199 3173 semus
1223 3107 1279 3172 ille
1303 3111 1398 3184 esset,

252 3231 315 3296 qno
349 3232 397 3289 oa,
429 3232 511 3296 quae
542 3213 737 3280 extrinsecus
769 3213 924 3291 adiuuent,
957 3213 1148 3280 sentiuntur.
1181 3231 1283 3295 neque
1316 3212 1400 3278 enim
1417 3225 1443 3266 ²⁵

252 3338 367 3403 corpus
391 3319 500 3398 sentit,
524 3319 581 3386 aed
604 3319 710 3384 anima
731 3338 788 3403 per
812 3338 935 3403 eorpus,
960 3339 1022 3402 quo
1051 3320 1143 3386 uelut
1166 3319 1276 3384 nuntio
1299 3317 1402 3384 utitur

252 3425 293 3490 ed
324 3425 523 3492 formandum
550 3426 583 3492 in
611 3445 646 3492 se
673 3427 753 3509 ipen,
786 3427 872 3510 quod
905 3426 1099 3493 extrinsecus
1132 3426 1305 3492 nuntiatur.
1338 3443 1400 3492 non

251 3535 359 3615 potest
380 3533 489 3616 itaque
512 3532 578 3597 tien'
601 3533 685 3600 uisio
709 3534 892 3617 corporalis,
916 3533 978 3599 nisi
1001 3533 1098 3598 etiam
1126 3531 1279 3615 spiritalis
1303 3531 1401 3598 simul

342 3723 358 3776 9
378 3721 438 3778 Gal.
457 3724 483 3786 5,
502 3723 546 3780 22.
566 3723 601 3777 23
658 3725 688 3779 11
710 3723 743 3779 of.
762 3725 841 3782 Rom.
862 3725 904 3790 11,
923 3725 958 3779 36

291 3848 386 3916 leap.
404 3846 521 3902 xnvrn
538 3846 570 3901 Ε
617 3847 800 3917 3ιιι1ιιιιοΕι
849 3847 1259 3919 41η1ιιιίοιξ1ιιᾰίιιι11ωιι1ιῐΡ
1305 3847 1399 3902 deor·

252 3953 319 4006 pora
337 3933 377 3992 R¹
448 3937 508 4005 noe]
528 3951 617 4006 neque
634 3935 702 3991 th
785 3938 801 3990 7
821 3936 976 3991 homiuibus
996 3939 1028 4004 (a.
1048 3937 1065 3990 t.
1085 3954 1119 3993 m.
1140 3941 1160 3991 2
1178 3936 1245 3992 odd.
1263 3936 1293 3990 nl
1309 3935 1354 4004 no)
1372 3935 1404 3990 E

252 4025 350 4094 deep.
369 4023 500 4078 xnvnn
521 4024 553 4079 Ε
641 4026 673 4080 11
698 4025 895 4096 propinquatus
913 4025 953 4080 E²
1044 4025 1076 4079 12
1100 4041 1148 4096 per
1172 4032 1223 4096 que
1245 4025 1277 4080 o'e
1298 4039 1355 4080 roe.
1373 4023 1402 4078 P

254 4115 289 4166 14
306 4117 335 4166 et
353 4118 419 4166 ante
435 4115 509 4167 tem
526 4127 578 4168 om.
596 4112 663 4168 th
717 4113 750 4167 15
768 4113 1004 4182 quemammodum
1017 4114 1073 4170 ΕΡ
1090 4129 1187 4184 quaem
1205 4112 1359 4168 ammodum
1371 4111 1400 4167 R

254 4203 288 4255 16
308 4201 403 4270 queri
474 4201 506 4254 17
525 4200 764 4270 intellegnntan
836 4203 868 4256 19
892 4201 962 4257 aliut
979 4203 1035 4257 alio
1053 4202 1081 4256 P
1168 4199 1403 4274 prestantiores

253 4290 289 4344 20
307 4305 389 4359 qnam
408 4289 554 4359 corporalis
572 4290 715 4359 repetitum
733 4291 786 4345 det.
804 4307 839 4344 ιιι
857 4291 921 4346 213
993 4291 1159 4361 prestantior
1176 4292 1207 4348 Ε
1274 4289 1398 4346 intellec·

251 4379 337 4432 tuslis
354 4379 387 4445 (a.
406 4380 424 4434 1.
444 4379 510 4435 odd.
529 4396 563 4434 aa
583 4383 603 4434 2
621 4379 651 4434 al
667 4379 872 4450 intellegibilis)
889 4381 920 4434 E
971 4381 1007 4436 26
1025 4381 1108 4436 uelud
1127 4380 1159 4437 δ’
