3159 4950
220 478 285 542 284
576 473 603 526 S.
631 473 768 527 Aureli
795 473 1012 542 Augustini

266 673 317 737 13.
342 667 425 749 Quid
453 688 528 754 ergo
558 668 620 734 sibi
646 670 719 734 uult
747 668 842 734 etiam
875 668 966 744 illud,
991 669 1076 751 qnod
1099 669 1214 734 mulier
1237 669 1305 734 niro
1329 668 1368 732 de

219 780 317 842 latere
358 778 442 842 iacta
475 777 545 844 est?
587 795 700 842 uenum
734 779 802 841 esto
835 781 964 859 propter
999 776 1102 859 ipsius
1136 775 1368 853 coniunctionis

219 885 287 948 nim
306 883 587 950 commendandam
603 883 662 948 hoc
678 883 723 947 ita
736 883 805 948 ficri
820 883 999 966 oportuisse
1019 881 1195 947 credamus.
1214 880 1369 965 numquid

220 992 325 1068 etiarn,
341 994 379 1055 nt
392 990 561 1056 dormienti
579 991 678 1068 fieret,
699 989 810 1056 eadem
826 990 907 1054 ratio
927 991 981 1054 nal
998 989 1173 1054 necessitas
1192 988 1368 1073 flagitabat,

218 1101 256 1162 ut
283 1097 417 1179 denique
445 1116 517 1162 osse
546 1097 697 1172 debacto,
726 1097 758 1160 in
787 1096 880 1162 cuins
908 1097 1016 1162 locunr
1045 1115 1116 1162 caro
1146 1095 1368 1179 subpleretur?
1399 1111 1412 1156 n

218 1223 294 1270 num
319 1205 403 1268 enim
426 1223 486 1269 non
510 1203 618 1287 potuit
639 1203 710 1286 ipsa
732 1221 803 1268 caro
828 1203 962 1280 detrahi,
980 1206 1018 1267 nt
1036 1202 1109 1268 inde
1129 1201 1367 1286 congruentius.

219 1310 303 1394 quod
322 1309 366 1374 sit
384 1329 477 1374 serus
496 1309 632 1384 inferior,
651 1309 767 1374 mulier
785 1309 996 1376 formaretur?
1019 1329 1058 1374 an
1075 1328 1152 1374 uero
1171 1313 1237 1373 tarn
1255 1309 1368 1372 multis

218 1417 334 1482 additis
363 1419 486 1482 costam
515 1415 592 1482 deus
622 1415 785 1482 aedificare
813 1407 921 1499 potnit
940 1416 975 1480 in
997 1415 1163 1481 mulierem
1187 1417 1221 1478 et
1243 1433 1368 1478 carnem

217 1524 390 1607 pulpamue
418 1541 480 1588 non
507 1524 622 1606 potuit,
653 1523 705 1606 qui
733 1523 772 1588 de
801 1524 933 1606 pulnere
955 1523 1063 1604 ipsum
1086 1521 1247 1586 bominem
1269 1519 1368 1584 fecit?

218 1634 274 1694 aut
297 1629 325 1694 si
342 1630 406 1693 ianr
425 1631 516 1694 costa
532 1630 635 1694 fuerat
654 1629 855 1707 detrahenda,
876 1648 932 1695 cur
949 1649 1011 1694 non
1031 1630 1130 1694 altera
1147 1646 1203 1712 pro
1223 1645 1262 1690 ea
1279 1630 1369 1692 costa
1387 1653 1412 1688 ιι

217 1737 357 1820 reposita
384 1739 453 1801 est?
483 1755 539 1802 cur
566 1738 661 1801 etiam
689 1755 751 1802 non
780 1737 903 1801 dictum
931 1739 982 1802 est
1013 1735 1137 1810 ,finxit“
1165 1738 1222 1799 aut
1249 1734 1363 1808 ,fecit‘

218 1844 302 1909 sicut
333 1843 365 1906 in
399 1843 546 1908 omnibns
578 1863 675 1925 supra
706 1843 865 1926 operibus,
898 1842 954 1908 sed
988 1842 1224 1909 aedificauit.
1253 1840 1366 1924 inquit.

219 1950 393 2016 dominus
409 1949 500 2015 deus
515 1949 622 2015 illam
637 1951 791 2027 costam,
808 1969 870 2014 non
884 1949 1367 2032 tamquamcorpushnrnanum,

219 2057 276 2121 sed
304 2061 466 2140 tamquam
495 2056 734 2122 domumtnon
764 2060 815 2121 est
840 2057 949 2139 itaque
973 2054 1193 2131 dubitandum,
1217 2054 1366 2138 qnoniam

218 2164 296 2228 baec
318 2163 404 2228 facta
426 2168 502 2230 sunt
525 2166 558 2228 et
580 2163 680 2228 stultu
704 2183 773 2228 esse
797 2182 858 2228 non
880 2165 1027 2245 possunt,
1047 2162 1087 2227 ob
1107 2161 1226 2245 aliquid
1246 2161 1365 2246 signiti-
1385 2182 1411 2220 rs

219 2269 355 2335 candum
370 2289 441 2336 esse
459 2271 543 2336 iacta
560 2271 703 2336 fructum
718 2270 819 2334 futuri
838 2270 957 2334 saeculi
973 2253 1015 2332 ab
1031 2269 1100 2352 ipso
1115 2269 1180 2332 iam
1191 2266 1365 2351 primordio

218 2377 341 2460 generis
356 2377 486 2442 humani
503 2376 561 2442 deo
575 2376 716 2460 praescio
734 2377 766 2440 irr
777 2373 860 2460 'ipsis
876 2376 943 2441 snis
958 2376 1107 2458 operibus
1122 2373 1367 2439 misericorditer

217 2484 428 2567 praedicante,
457 2487 493 2549 ut
521 2487 606 2549 certo
634 2488 775 2566 tempore
805 2484 905 2549 semis
935 2484 1002 2548 suis
1031 2483 1101 2548 sius
1124 2502 1180 2564 per
1202 2483 1366 2548 hominum

218 2592 437 2657 successiones
457 2591 525 2656 siue
543 2610 599 2675 per
616 2610 712 2655 sunm
727 2590 874 2673 spiritum
890 2592 942 2655 nel
957 2591 1143 2674 angelornm
1155 2588 1364 2653 ministerium

217 2698 359 2761 reurelata
391 2700 486 2780 atque
519 2696 698 2780 conscripta
731 2700 763 2761 et
794 2695 1017 2778 promittendis
1053 2694 1148 2760 rebus
1184 2694 1302 2758 suturis
1335 2698 1367 2758 et
1385 2720 1411 2757 ιο

217 2804 481 2886 recognoscendis
508 2804 637 2886 inpletis
666 2804 886 2870 testimonium
913 2804 1126 2885 perhiberent:
1156 2800 1241 2884 quod
1263 2800 1365 2885 magis

218 2909 383 2993 magisque
406 2910 438 2973 in
463 2910 730 2994 consequentibus
754 2909 927 2994 adparabit.

264 3017 315 3081 14.
332 3016 505 3081 Uideamus
521 3035 605 3100 crgo,
622 3016 706 3099 quod
716 3018 779 3082 isto
790 3036 883 3099 opere
894 3016 1106 3099 suscepimus,
1116 3036 1177 3081 non
1188 3014 1365 3079 secundnm

217 3122 514 3207 praefigurationem
537 3142 641 3187 rerum
660 3123 848 3202 futuramm,
868 3121 925 3187 sed
944 3123 1119 3187 secundum
1137 3142 1242 3187 rerum
1261 3126 1365 3206 gesta·

217 3247 287 3291 rum
315 3247 376 3293 non
404 3228 616 3312 allegoricam,
650 3227 707 3293 sed
733 3228 893 3312 propriam
921 3228 1186 3313 significationem
1215 3227 1364 3311 quemad·
1383 3252 1410 3292 ss

216 3333 347 3399 modurn
374 3334 453 3399 baec
481 3335 581 3417 accipi
607 3335 742 3418 possint.
771 3338 809 3400 et
835 3334 949 3399 finxit
976 3336 1078 3409 deus,
1103 3336 1217 3418 inquit,
1243 3333 1363 3398 adbuc

217 3439 260 3504 de
284 3444 385 3504 terra
408 3460 533 3506 omnes
557 3443 702 3507 bestias
726 3442 807 3527 agri
831 3447 868 3507 et
892 3443 1015 3507 omnia
1042 3442 1226 3508 uolatilia
1248 3440 1362 3506 caeli:

216 3546 299 3610 unde
322 3546 385 3611 ianr
410 3547 493 3629 quod
516 3550 623 3613 uisum
648 3550 697 3615 est
716 3553 749 3613 et
767 3551 920 3632 qnantum
943 3549 1052 3614 uisum
1071 3552 1121 3614 est
1144 3548 1362 3615 dissernimus.

307 3738 339 3792 12
359 3738 426 3794 Gen.
445 3740 471 3801 2,
491 3739 526 3793 22
581 3738 615 3792 26
636 3736 702 3793 Gen.
722 3738 747 3803 2,
768 3739 802 3793 19

254 3852 363 3925 lqppd
386 3854 470 3909 etiam
488 3854 519 3909 Ε
607 3854 659 3909 uiri
677 3854 715 3909 bd
805 3811 838 3908 de
863 3854 947 3909 latere
961 3808 1069 3908 diroS
1154 3854 1263 3925 2esto]
1282 3858 1324 3909 est
1342 3852 1365 3906 S

215 3944 283 3997 but
300 3941 399 3999 om.1³¹
454 3943 548 4014 usseS
599 3942 791 4014 cupieretan
826 3942 968 3998 iinferior
986 3946 1019 4011 (a.
1034 3942 1052 3998 1.
1066 3942 1366 4009 ne.2alinflnnior)1t'

215 4030 345 4087 infirmior
362 4031 477 4087 PRde
531 4032 564 4087 10
583 4049 653 4102 quur
669 4031 723 4087 PR
795 4032 915 4103 reposita
933 4034 977 4087 est
994 4030 1113 4087 costaS
1169 4034 1200 4086 11
1223 4049 1293 4103 quur
1310 4032 1364 4086 PR

214 4136 270 4175 non
289 4119 412 4174 etiamS
466 4119 499 4173 12
518 4120 614 4190 inquid
625 4118 693 4175 E¹R
748 4121 781 4174 16
801 4120 989 4175 irnctnnmE¹
1044 4121 1078 4176 18
1095 4120 1298 4191 praedicantem
1309 4122 1363 4176 PR

214 4208 351 4262 bominem
370 4208 414 4262 Rb
470 4208 504 4263 20
523 4209 675 4263 conscribis
692 4209 748 4263 ΕΡ
802 4209 835 4263 21
855 4208 1011 4279 periberent
1029 4210 1057 4263 P
1108 4210 1143 4265 23
1161 4210 1365 4280 suscipimusS

216 4296 418 4352 saecundnmS
468 4296 503 4351 25
520 4298 678 4367 allegorica·
694 4300 731 4363 (ιιι
747 4298 866 4365 erasis
920 4298 1156 4369 quemammodum
1169 4299 1200 4353 E
1233 4299 1268 4353 26
1286 4299 1360 4354 bict

215 4386 362 4455 possuntt
435 4384 530 4455 inquid
547 4386 576 4441 R
630 4388 665 4441 28
685 4386 846 4442 dissruimns
865 4389 884 4450 (i
903 4387 966 4441 init.
986 4404 1019 4442 ex
1037 4404 1051 4442 c
1070 4404 1104 4443 ιιι.
1125 4373 1151 4455 i)
1171 4387 1199 4443 R
