3159 4950
246 488 310 551 380
594 485 621 540 S.
647 486 785 541 Aureli
812 485 1028 555 Augustini

244 679 438 763 paradisum,
467 680 661 763 ubicumque
690 680 734 745 sit
758 679 937 763 paradisus,
966 698 1026 745 non
1054 684 1092 745 ut
1119 681 1180 747 hoe
1206 680 1303 745 fuerit
1324 682 1392 765 rapi

245 786 417 851 intertium
429 788 563 867 caelum,
573 786 658 869 quod
668 787 701 851 in
711 786 906 869 paradisum,
918 786 974 851 sed
988 785 1075 869 prius
1086 786 1258 852 intertium
1269 788 1392 853 eaelum

247 896 279 958 et
301 897 376 975 post
397 894 471 959 inde
493 894 526 958 in
549 893 742 977 paradisum.
767 895 801 957 et
823 893 883 958 hoo
908 893 954 958 sic
978 892 1165 977 ambiguum
1189 896 1248 971 est,
1273 898 1393 960 utnon

244 1000 325 1064 mihi
347 1000 495 1065 uideatur
517 1018 611 1083 posse
635 1000 781 1078 dissolui,
806 1000 868 1064 uisi
892 1000 1006 1082 aliquis
1030 1018 1092 1065 non
1116 1018 1151 1065 er
1174 1000 1392 1083 praesentibus

246 1108 384 1191 apostoli
398 1108 515 1187 uerbis,
533 1108 589 1173 sed
609 1127 645 1173 ex
664 1107 735 1172 aliis
754 1107 836 1173 forte
856 1107 1083 1190 seripturarum
1101 1108 1181 1172 locis
1200 1108 1254 1171 uel
1269 1108 1393 1175 ratione
1424 1129 1437 1168 s

244 1215 413 1298 perspicua
431 1215 576 1279 inueniat
597 1214 727 1298 aliquid,
748 1234 809 1297 quo
830 1214 944 1279 doceat
962 1214 1032 1279 siue
1049 1215 1082 1277 in
1101 1214 1196 1279 tertio
1216 1214 1303 1279 caelo
1323 1232 1394 1279 esse

228 1321 427 1403 paradisum
451 1321 520 1386 siue
543 1340 606 1386 non
630 1339 713 1400 esse,
742 1340 816 1386 cum
840 1324 873 1386 et
895 1322 1001 1404 ipsum
1020 1320 1150 1385 tertium
1171 1321 1294 1385 caelum
1318 1319 1394 1403 quid

246 1428 289 1491 sit
320 1446 382 1493 non
412 1427 536 1511 liquido
574 1428 733 1511 adpareat,
765 1430 874 1493 utrum
902 1428 934 1491 in
966 1429 1062 1492 rebus
1095 1426 1321 1511 nemoralibus,
1354 1444 1393 1491 an

244 1534 326 1599 forte
357 1534 391 1598 in
424 1534 622 1617 spiritalibus
648 1534 903 1619 intellegendum
936 1536 988 1601 sit.
1024 1538 1137 1617 posset
1169 1534 1297 1617 quidem
1330 1533 1393 1598 dici

245 1641 371 1705 nonnisi
398 1641 430 1705 in
457 1641 566 1706 locum
594 1641 733 1722 aliquem
756 1642 951 1725 corporalem
975 1642 1134 1707 hominem
1158 1641 1226 1723 rapi
1249 1641 1439 1723 potuissem

245 1765 317 1811 cum
342 1765 487 1829 corpore;
510 1746 568 1812 sed
586 1747 662 1829 quia
679 1749 712 1811 et
729 1747 791 1814 boc
808 1748 854 1811 ita
871 1748 990 1829 posuit,
1010 1750 1048 1811 ut
1070 1746 1190 1811 nescire
1214 1764 1248 1811 se
1271 1746 1391 1825 dixerit,

245 1856 353 1917 utrum
384 1853 418 1917 in
452 1872 580 1937 corpore
614 1873 653 1918 au
686 1856 773 1919 extra
805 1870 918 1935 corpus
950 1857 1061 1937 raptus
1094 1852 1147 1932 sit,
1172 1852 1244 1935 quis
1278 1852 1393 1917 audeat

249 1959 354 2025 dicere
377 1979 411 2024 se
434 1960 525 2039 seire,
550 1960 635 2043 quod
658 1980 693 2026 se
711 1959 833 2025 nescire
853 1961 1017 2043 apostolus
1037 1960 1136 2024 dixit?
1155 1977 1267 2023 uerum
1285 1962 1392 2023 tamen

246 2066 400 2149 sineque
427 2066 561 2149 spiritus
589 2067 657 2131 sine
681 2085 810 2151 corpore
834 2066 874 2131 ad
896 2066 968 2132 loca
995 2066 1169 2149 corporalia
1194 2064 1263 2147 rapi
1285 2068 1393 2147 potest

244 2192 304 2237 nee
326 2191 442 2255 eorpus
466 2172 506 2237 ad
528 2173 694 2255 spiritalia,
717 2174 797 2239 haee
819 2174 891 2256 ipsa
913 2172 1069 2237 dubitatio
1098 2172 1167 2237 eius
1191 2172 1283 2237 uelut
1305 2172 1393 2256 cogit
1411 2192 1438 2233 11

244 2278 458 2364 intellegi-
481 2280 639 2363 siquidem
664 2280 762 2346 dese
792 2280 863 2363 ipso
896 2280 975 2345 haec
1007 2298 1080 2345 eum
1109 2278 1275 2362 scripsisse
1299 2298 1391 2345 nemo

245 2385 449 2470 ambigit-
482 2388 546 2451 tale
578 2387 678 2452 fuisse
706 2387 885 2469 illudque
918 2390 1028 2470 raptus
1061 2390 1120 2465 ost,
1154 2387 1249 2469 quod,
1283 2390 1391 2451 utrum

245 2494 406 2575 corporale
425 2513 463 2558 an
482 2494 625 2578 spiritale
649 2498 746 2573 esset,
771 2493 894 2560 dinosci
918 2493 1117 2578 discernique
1141 2515 1203 2560 non
1226 2497 1345 2578 posset.

290 2601 320 2663 2.
358 2599 439 2666 Cum
477 2591 562 2665 enim
597 2602 652 2666 uel
687 2602 720 2666 iu
758 2602 878 2667 somnis
916 2604 969 2666 uel
1009 2603 1041 2666 in
1082 2602 1183 2667 extasi
1225 2620 1390 2684 corporum

245 2706 462 2789 exprimuntur
484 2707 650 2791 imagines,
675 2727 737 2772 non
761 2707 983 2773 discernuntur
1002 2709 1129 2774 omnino
1154 2729 1172 2772 a
1195 2708 1390 2792 corporibus,
1409 2725 1436 2765 ao

244 2812 307 2876 nisi
335 2831 408 2877 cum
435 2813 532 2878 homo
559 2813 704 2879 redditus
732 2815 880 2880 sensibus
909 2815 1049 2897 corporis
1076 2816 1278 2900 recognoscit
1301 2833 1336 2880 se
1358 2814 1391 2879 in

244 2919 310 2983 illis
328 2919 430 2983 fuisse
447 2918 651 3004 imaginibus,
671 2939 751 3002 quas
767 2939 831 2999 non
851 2940 906 3004 per
925 2939 1038 2984 sensus
1058 2921 1196 3003 corporis
1215 2921 1390 2986 hauriebat.

245 3024 316 3107 quis
350 3026 443 3104 enim,
477 3044 550 3090 cum
573 3046 592 3090 a
615 3045 726 3092 somno
760 3027 972 3111 ouigilauerit,
996 3045 1058 3092 non
1091 3029 1241 3092 continuo
1274 3029 1391 3093 sentiat

244 3131 431 3216 imaginaria
461 3132 572 3208 fuisse,
606 3151 686 3216 quae
718 3133 863 3213 uidebat,
898 3133 1059 3216 quamuis,
1093 3153 1166 3198 oum
1199 3153 1236 3198 ea
1268 3133 1392 3199 uideret

245 3238 414 3316 dormiens,
451 3256 470 3301 a
500 3238 706 3322 uigilantium
743 3240 959 3322 corporalibus
996 3240 1076 3305 uisis
1115 3240 1294 3308 discernere
1328 3259 1389 3304 non
1407 3257 1434 3298 11

245 3345 393 3408 ualebat?
417 3363 611 3428 quamquam
633 3345 712 3410 mihi
734 3345 891 3412 accidisse
915 3347 981 3412 scio
1006 3351 1039 3411 et
1062 3347 1100 3412 ob
1125 3349 1186 3413 hoc
1205 3349 1300 3413 etiam
1319 3346 1389 3412 aliis

245 3450 387 3516 accidere
414 3450 559 3533 potuisse
587 3453 643 3517 uel
668 3473 763 3535 posse
785 3473 848 3519 non
872 3453 993 3531 dubito,
1017 3454 1108 3519 utin
1133 3455 1253 3520 somnis
1277 3453 1389 3518 uidens

243 3557 276 3620 in
305 3556 424 3622 somnis
447 3576 500 3622 me
522 3557 631 3622 uidere
655 3559 806 3624 sentirem
829 3559 965 3642 illasque
993 3561 1158 3644 imagines,
1184 3579 1264 3644 quae
1286 3561 1389 3642 ipsam

243 3666 384 3728 nostram
416 3663 655 3730 consensionem
688 3664 851 3731 ludificare
884 3669 1086 3745 consuerunt,
1118 3686 1180 3732 non
1213 3685 1283 3732 esse
1315 3683 1390 3730 uera

280 3853 429 3925 lparadys
448 3855 479 3910 Ε
566 3856 702 3926 abiqaeb
793 3856 886 3927 fuerit]
912 3857 984 3911 fieri·
1003 3859 1026 3925 (t
1044 3859 1137 3925 111111.)
1156 3857 1186 3912 Ε
1273 3855 1331 3926 rapi
1349 3853 1389 3910 R¹

245 3943 470 3998 bscribturarum
488 3943 545 3998 ΕΡ
597 3943 786 4015 tpspicuaS
843 3947 908 4016 quo]
927 3945 998 4015 quod
1016 3945 1089 4000 Ello
1176 3945 1209 4000 13
1227 3961 1256 4000 se
1274 3945 1389 4014 nescire]

244 4049 382 4086 senescere
400 4033 428 4086 P
498 4049 559 4102 cap.
578 4031 606 4086 11
624 4032 655 4086 Ε
725 4033 920 4088 16111113
988 4032 1128 4088 scribsisse
1142 4033 1210 4088 E¹P
1281 4033 1388 4087 181111-

243 4123 319 4176 nosci
337 4121 365 4174 P
381 4121 543 4192 dignoscid
613 4122 701 4192 possit
718 4123 746 4176 P
801 4123 833 4176 19
853 4121 989 4199 ecstasid
1042 4123 1077 4177 20
1095 4123 1229 4194 imagines
1254 4125 1309 4190 (ma
1327 4139 1349 4176 e.
1369 4123 1388 4176 1.

244 4227 279 4266 m.
298 4215 324 4277 1)
343 4211 371 4264 P
458 4211 620 4264 assensum
638 4211 731 4266 PRbd
811 4211 924 4264 coreoris
943 4213 970 4281 (p
991 4211 1096 4283 desset.)
1114 4213 1145 4267 E
1227 4209 1393 4264 auriebetS

245 4301 280 4352 25
294 4316 375 4354 1111.
394 4297 467 4365 S‚R,·
484 4300 533 4354 eed
543 4317 577 4354 ex
589 4301 650 4354 init.
666 4299 827 4368 1119111111
844 4301 941 4356 uocat.
956 4318 971 4355 1
980 4301 1051 4370 fact.
1124 4299 1390 4371 111131111111111811ι

244 4387 279 4440 28
298 4387 327 4440 in
346 4388 447 4440 somnis
465 4403 517 4443 om.
537 4388 553 4441 b
625 4389 758 4458 illaequae
772 4389 800 4442 P
853 4389 887 4442 29
907 4393 1106 4444 consueuerant
1119 4389 1213 4445 PRbd
