<?xml version="1.0" encoding="UTF-8"?>
<!DOCTYPE html PUBLIC "-//W3C//DTD XHTML 1.0 Transitional//EN"
    "http://www.w3.org/TR/xhtml1/DTD/xhtml1-transitional.dtd">
<html xmlns="http://www.w3.org/1999/xhtml" xml:lang="en" lang="en">
 <head>
  <title>
</title>
<meta http-equiv="Content-Type" content="text/html;charset=utf-8" />
  <meta name='ocr-system' content='tesseract 3.04.00' />
  <meta name='ocr-capabilities' content='ocr_page ocr_carea ocr_par ocr_line ocrx_word'/>
</head>
<body>
  <div class='ocr_page' id='page_1' title='image "./corpusscriptoru10wiengoog_0078.png"; bbox 0 0 3159 4950; ppageno 0'>
   <div class='ocr_carea' id='block_1_1' title="bbox 252 440 1046 512">
    <p class='ocr_par' dir='ltr' id='par_1_1' title="bbox 252 440 1046 512">
     <span class='ocr_line' id='line_1_1' title="bbox 252 440 1046 512; baseline -0.011 -9"><span class='ocrx_word' id='word_1_1' title='bbox 252 447 293 509; x_wconf 83' lang='lat'>52</span> <span class='ocrx_word' id='word_1_2' title='bbox 605 441 632 496; x_wconf 85' lang='lat' dir='ltr'>S.</span> <span class='ocrx_word' id='word_1_3' title='bbox 661 441 798 495; x_wconf 77' lang='lat' dir='ltr'>Aureli</span> <span class='ocrx_word' id='word_1_4' title='bbox 825 440 1046 512; x_wconf 74' lang='lat' dir='ltr'><strong>Augustini</strong></span> 
     </span>
    </p>
   </div>
   <div class='ocr_carea' id='block_1_2' title="bbox 248 636 1447 3173">
    <p class='ocr_par' dir='ltr' id='par_1_2' title="bbox 250 636 1446 1876">
     <span class='ocr_line' id='line_1_2' title="bbox 252 636 1397 720; baseline 0.003 -18"><span class='ocrx_word' id='word_1_5' title='bbox 252 640 375 719; x_wconf 79' lang='lat' dir='ltr'>septem</span> <span class='ocrx_word' id='word_1_6' title='bbox 408 637 524 720; x_wconf 84' lang='lat' dir='ltr'>quippe</span> <span class='ocrx_word' id='word_1_7' title='bbox 558 636 679 702; x_wconf 89' lang='lat' dir='ltr'>dierum</span> <span class='ocrx_word' id='word_1_8' title='bbox 711 636 838 702; x_wconf 88' lang='lat' dir='ltr'>medius</span> <span class='ocrx_word' id='word_1_9' title='bbox 870 641 1003 720; x_wconf 73' lang='lat' dir='ltr'>quartus</span> <span class='ocrx_word' id='word_1_10' title='bbox 1037 642 1096 704; x_wconf 87' lang='lat' dir='ltr'>est.</span> <span class='ocrx_word' id='word_1_11' title='bbox 1139 639 1277 704; x_wconf 79' lang='lat' dir='ltr'>occuluit</span> <span class='ocrx_word' id='word_1_12' title='bbox 1313 641 1397 705; x_wconf 92' lang='lat' dir='ltr'>enim</span> 
     </span>
     <span class='ocr_line' id='line_1_3' title="bbox 250 742 1397 827; baseline 0.003 -19"><span class='ocrx_word' id='word_1_13' title='bbox 250 743 342 823; x_wconf 79' lang='lat' dir='ltr'>illud,</span> <span class='ocrx_word' id='word_1_14' title='bbox 367 744 442 827; x_wconf 85' lang='lat' dir='ltr'>quia</span> <span class='ocrx_word' id='word_1_15' title='bbox 465 743 601 827; x_wconf 89' lang='lat' dir='ltr'>septimo</span> <span class='ocrx_word' id='word_1_16' title='bbox 627 743 677 808; x_wconf 87' lang='lat' dir='ltr'>die</span> <span class='ocrx_word' id='word_1_17' title='bbox 700 763 763 808; x_wconf 90' lang='lat' dir='ltr'>uon</span> <span class='ocrx_word' id='word_1_18' title='bbox 786 747 838 808; x_wconf 90' lang='lat' dir='ltr'>est</span> <span class='ocrx_word' id='word_1_19' title='bbox 859 742 945 810; x_wconf 85' lang='lat' dir='ltr'>facta</span> <span class='ocrx_word' id='word_1_20' title='bbox 966 745 1034 812; x_wconf 86' lang='lat' dir='ltr'>ulla</span> <span class='ocrx_word' id='word_1_21' title='bbox 1056 749 1209 811; x_wconf 87' lang='lat' dir='ltr'>creatura.</span> <span class='ocrx_word' id='word_1_22' title='bbox 1248 766 1287 810; x_wconf 87' lang='lat' dir='ltr'>an</span> <span class='ocrx_word' id='word_1_23' title='bbox 1315 747 1397 813; x_wconf 84' lang='lat' dir='ltr'>forte</span> 
     </span>
     <span class='ocr_line' id='line_1_4' title="bbox 251 849 1396 936; baseline 0.002 -20"><span class='ocrx_word' id='word_1_24' title='bbox 251 853 305 916; x_wconf 83' lang='lat' dir='ltr'>lux</span> <span class='ocrx_word' id='word_1_25' title='bbox 336 849 432 934; x_wconf 91' lang='lat' dir='ltr'>primi</span> <span class='ocrx_word' id='word_1_26' title='bbox 460 849 522 914; x_wconf 88' lang='lat' dir='ltr'>diei</span> <span class='ocrx_word' id='word_1_27' title='bbox 549 849 652 934; x_wconf 84' lang='lat' dir='ltr'>magis</span> <span class='ocrx_word' id='word_1_28' title='bbox 685 849 856 933; x_wconf 81' lang='lat' dir='ltr'>respondet</span> <span class='ocrx_word' id='word_1_29' title='bbox 882 850 922 914; x_wconf 91' lang='lat' dir='ltr'>ad</span> <span class='ocrx_word' id='word_1_30' title='bbox 950 851 1088 933; x_wconf 89' lang='lat' dir='ltr'>quietem</span> <span class='ocrx_word' id='word_1_31' title='bbox 1123 851 1262 936; x_wconf 86' lang='lat' dir='ltr'>septimi,</span> <span class='ocrx_word' id='word_1_32' title='bbox 1294 854 1333 916; x_wconf 91' lang='lat' dir='ltr'>ut</span> <span class='ocrx_word' id='word_1_33' title='bbox 1358 872 1396 918; x_wconf 89' lang='lat' dir='ltr'>eo</span> 
     </span>
     <span class='ocr_line' id='line_1_5' title="bbox 250 954 1397 1023; baseline 0.003 -3"><span class='ocrx_word' id='word_1_34' title='bbox 250 955 345 1021; x_wconf 92' lang='lat' dir='ltr'>modo</span> <span class='ocrx_word' id='word_1_35' title='bbox 370 954 611 1020; x_wconf 79' lang='lat' dir='ltr'>concinentibus</span> <span class='ocrx_word' id='word_1_36' title='bbox 639 955 756 1020; x_wconf 87' lang='lat' dir='ltr'>finibus</span> <span class='ocrx_word' id='word_1_37' title='bbox 783 954 846 1019; x_wconf 89' lang='lat' dir='ltr'>iste</span> <span class='ocrx_word' id='word_1_38' title='bbox 874 974 979 1020; x_wconf 89' lang='lat' dir='ltr'>rerum</span> <span class='ocrx_word' id='word_1_39' title='bbox 1007 955 1083 1021; x_wconf 89' lang='lat' dir='ltr'>ordo</span> <span class='ocrx_word' id='word_1_40' title='bbox 1111 959 1236 1021; x_wconf 88' lang='lat' dir='ltr'>tenatur</span> <span class='ocrx_word' id='word_1_41' title='bbox 1258 958 1397 1023; x_wconf 87' lang='lat' dir='ltr'>eminen-</span> 
     </span>
     <span class='ocr_line' id='line_1_6' title="bbox 251 1061 1446 1149; baseline 0.007 -21"><span class='ocrx_word' id='word_1_42' title='bbox 251 1063 340 1130; x_wconf 88' lang='lat' dir='ltr'>tibus</span> <span class='ocrx_word' id='word_1_43' title='bbox 364 1061 531 1128; x_wconf 86' lang='lat' dir='ltr'>demedio</span> <span class='ocrx_word' id='word_1_44' title='bbox 555 1061 731 1126; x_wconf 87' lang='lat' dir='ltr'>luminibus</span> <span class='ocrx_word' id='word_1_45' title='bbox 756 1061 861 1126; x_wconf 82' lang='lat' dir='ltr'>caeli?</span> <span class='ocrx_word' id='word_1_46' title='bbox 894 1062 951 1127; x_wconf 87' lang='lat' dir='ltr'>scd</span> <span class='ocrx_word' id='word_1_47' title='bbox 974 1063 1001 1128; x_wconf 92' lang='lat' dir='ltr'>si</span> <span class='ocrx_word' id='word_1_48' title='bbox 1024 1063 1144 1146; x_wconf 81' lang='lat' dir='ltr'>primus</span> <span class='ocrx_word' id='word_1_49' title='bbox 1168 1063 1236 1129; x_wconf 89' lang='lat' dir='ltr'>dies</span> <span class='ocrx_word' id='word_1_50' title='bbox 1260 1065 1396 1149; x_wconf 87' lang='lat' dir='ltr'>septimo</span> <span class='ocrx_word' id='word_1_51' title='bbox 1429 1097 1446 1136; x_wconf 80' lang='lat'><strong>5</strong></span> 
     </span>
     <span class='ocr_line' id='line_1_7' title="bbox 252 1168 1396 1253; baseline 0.002 -21"><span class='ocrx_word' id='word_1_52' title='bbox 252 1168 400 1246; x_wconf 86' lang='lat' dir='ltr'>concinit,</span> <span class='ocrx_word' id='word_1_53' title='bbox 426 1168 522 1234; x_wconf 93' lang='lat' dir='ltr'>debet</span> <span class='ocrx_word' id='word_1_54' title='bbox 544 1187 618 1253; x_wconf 83' lang='lat' dir='ltr'>ergo</span> <span class='ocrx_word' id='word_1_55' title='bbox 644 1172 677 1233; x_wconf 89' lang='lat' dir='ltr'>et</span> <span class='ocrx_word' id='word_1_56' title='bbox 699 1168 858 1234; x_wconf 85' lang='lat' dir='ltr'>secundus</span> <span class='ocrx_word' id='word_1_57' title='bbox 882 1171 970 1234; x_wconf 84' lang='lat' dir='ltr'>sento</span> <span class='ocrx_word' id='word_1_58' title='bbox 995 1168 1170 1234; x_wconf 77' lang='lat' dir='ltr'>concinere.</span> <span class='ocrx_word' id='word_1_59' title='bbox 1194 1170 1271 1252; x_wconf 90' lang='lat' dir='ltr'>quid</span> <span class='ocrx_word' id='word_1_60' title='bbox 1289 1173 1396 1235; x_wconf 88' lang='lat' dir='ltr'>autem</span> 
     </span>
     <span class='ocr_line' id='line_1_8' title="bbox 251 1275 1396 1362; baseline 0.001 -21"><span class='ocrx_word' id='word_1_61' title='bbox 251 1276 356 1342; x_wconf 91' lang='lat' dir='ltr'>similo</span> <span class='ocrx_word' id='word_1_62' title='bbox 370 1277 467 1340; x_wconf 87' lang='lat' dir='ltr'>babet</span> <span class='ocrx_word' id='word_1_63' title='bbox 481 1275 716 1340; x_wconf 86' lang='lat' dir='ltr'>firmamentum</span> <span class='ocrx_word' id='word_1_64' title='bbox 732 1275 813 1340; x_wconf 81' lang='lat' dir='ltr'>caeli</span> <span class='ocrx_word' id='word_1_65' title='bbox 828 1295 901 1341; x_wconf 90' lang='lat' dir='ltr'>cum</span> <span class='ocrx_word' id='word_1_66' title='bbox 918 1275 1046 1340; x_wconf 90' lang='lat' dir='ltr'>bomine</span> <span class='ocrx_word' id='word_1_67' title='bbox 1064 1276 1148 1340; x_wconf 83' lang='lat' dir='ltr'>iacto</span> <span class='ocrx_word' id='word_1_68' title='bbox 1167 1276 1207 1341; x_wconf 88' lang='lat' dir='ltr'>ad</span> <span class='ocrx_word' id='word_1_69' title='bbox 1225 1276 1396 1362; x_wconf 78' lang='lat' dir='ltr'>imaginem</span> 
     </span>
     <span class='ocr_line' id='line_1_9' title="bbox 251 1381 1396 1466; baseline 0.001 -19"><span class='ocrx_word' id='word_1_70' title='bbox 251 1383 327 1447; x_wconf 82' lang='lat' dir='ltr'>dei?</span> <span class='ocrx_word' id='word_1_71' title='bbox 352 1402 390 1447; x_wconf 87' lang='lat' dir='ltr'>sn</span> <span class='ocrx_word' id='word_1_72' title='bbox 411 1382 485 1464; x_wconf 85' lang='lat' dir='ltr'>quia</span> <span class='ocrx_word' id='word_1_73' title='bbox 504 1383 626 1446; x_wconf 84' lang='lat' dir='ltr'>caelum</span> <span class='ocrx_word' id='word_1_74' title='bbox 646 1383 748 1446; x_wconf 86' lang='lat' dir='ltr'>totam</span> <span class='ocrx_word' id='word_1_75' title='bbox 768 1382 964 1466; x_wconf 88' lang='lat' dir='ltr'>superiorem</span> <span class='ocrx_word' id='word_1_76' title='bbox 982 1381 1092 1447; x_wconf 91' lang='lat' dir='ltr'>mundi</span> <span class='ocrx_word' id='word_1_77' title='bbox 1110 1386 1233 1466; x_wconf 86' lang='lat' dir='ltr'>partem</span> <span class='ocrx_word' id='word_1_78' title='bbox 1251 1386 1396 1466; x_wconf 75' lang='lat' dir='ltr'>occupat,</span> 
     </span>
     <span class='ocr_line' id='line_1_10' title="bbox 251 1489 1397 1572; baseline -0.002 -16"><span class='ocrx_word' id='word_1_79' title='bbox 251 1494 283 1556; x_wconf 88' lang='lat' dir='ltr'>et</span> <span class='ocrx_word' id='word_1_80' title='bbox 306 1490 429 1556; x_wconf 90' lang='lat' dir='ltr'>bomini</span> <span class='ocrx_word' id='word_1_81' title='bbox 451 1491 482 1554; x_wconf 93' lang='lat' dir='ltr'>in</span> <span class='ocrx_word' id='word_1_82' title='bbox 502 1492 603 1561; x_wconf 86' lang='lat' dir='ltr'>totam</span> <span class='ocrx_word' id='word_1_83' title='bbox 622 1489 803 1554; x_wconf 85' lang='lat' dir='ltr'>inferiorem</span> <span class='ocrx_word' id='word_1_84' title='bbox 821 1492 965 1572; x_wconf 88' lang='lat' dir='ltr'>potestas</span> <span class='ocrx_word' id='word_1_85' title='bbox 984 1489 1168 1556; x_wconf 88' lang='lat' dir='ltr'>dominandi</span> <span class='ocrx_word' id='word_1_86' title='bbox 1184 1490 1305 1556; x_wconf 84' lang='lat' dir='ltr'>tributa</span> <span class='ocrx_word' id='word_1_87' title='bbox 1322 1493 1397 1556; x_wconf 84' lang='lat' dir='ltr'>cst?</span> 
     </span>
     <span class='ocr_line' id='line_1_11' title="bbox 251 1595 1445 1681; baseline 0 -19"><span class='ocrx_word' id='word_1_88' title='bbox 251 1597 307 1664; x_wconf 85' lang='lat' dir='ltr'>sed</span> <span class='ocrx_word' id='word_1_89' title='bbox 332 1596 410 1680; x_wconf 87' lang='lat' dir='ltr'>quid</span> <span class='ocrx_word' id='word_1_90' title='bbox 433 1596 560 1681; x_wconf 76' lang='lat' dir='ltr'>agimm</span> <span class='ocrx_word' id='word_1_91' title='bbox 585 1595 623 1660; x_wconf 89' lang='lat' dir='ltr'>de</span> <span class='ocrx_word' id='word_1_92' title='bbox 646 1596 814 1678; x_wconf 88' lang='lat' dir='ltr'>pecoribus</span> <span class='ocrx_word' id='word_1_93' title='bbox 839 1599 873 1660; x_wconf 87' lang='lat' dir='ltr'>et</span> <span class='ocrx_word' id='word_1_94' title='bbox 893 1595 1018 1674; x_wconf 87' lang='lat' dir='ltr'>bestiis,</span> <span class='ocrx_word' id='word_1_95' title='bbox 1038 1615 1117 1679; x_wconf 88' lang='lat' dir='ltr'>quas</span> <span class='ocrx_word' id='word_1_96' title='bbox 1139 1596 1210 1679; x_wconf 91' lang='lat' dir='ltr'>ipso</span> <span class='ocrx_word' id='word_1_97' title='bbox 1234 1596 1284 1662; x_wconf 91' lang='lat' dir='ltr'>die</span> <span class='ocrx_word' id='word_1_98' title='bbox 1307 1600 1396 1662; x_wconf 81' lang='lat' dir='ltr'>sexto</span> <span class='ocrx_word' id='word_1_99' title='bbox 1415 1630 1445 1668; x_wconf 70' lang='grc' dir='ltr'>ιο</span> 
     </span>
     <span class='ocr_line' id='line_1_12' title="bbox 250 1701 1398 1790; baseline -0.002 -21"><span class='ocrx_word' id='word_1_100' title='bbox 250 1706 282 1770; x_wconf 94' lang='lat' dir='ltr'>in</span> <span class='ocrx_word' id='word_1_101' title='bbox 310 1724 370 1771; x_wconf 84' lang='lat' dir='ltr'>sua</span> <span class='ocrx_word' id='word_1_102' title='bbox 397 1723 513 1790; x_wconf 82' lang='lat' dir='ltr'>genera</span> <span class='ocrx_word' id='word_1_103' title='bbox 541 1707 625 1768; x_wconf 84' lang='lat' dir='ltr'>terra</span> <span class='ocrx_word' id='word_1_104' title='bbox 651 1701 824 1785; x_wconf 82' lang='lat' dir='ltr'>produxit?</span> <span class='ocrx_word' id='word_1_105' title='bbox 857 1703 1031 1787; x_wconf 79' lang='lat' dir='ltr'>quasillis</span> <span class='ocrx_word' id='word_1_106' title='bbox 1063 1723 1135 1768; x_wconf 91' lang='lat' dir='ltr'>cum</span> <span class='ocrx_word' id='word_1_107' title='bbox 1169 1705 1257 1770; x_wconf 87' lang='lat' dir='ltr'>caelo</span> <span class='ocrx_word' id='word_1_108' title='bbox 1289 1706 1398 1786; x_wconf 83' lang='lat' dir='ltr'>potest</span> 
     </span>
     <span class='ocr_line' id='line_1_13' title="bbox 250 1811 510 1876; baseline -0.008 0"><span class='ocrx_word' id='word_1_109' title='bbox 250 1831 321 1876; x_wconf 87' lang='lat' dir='ltr'>osse</span> <span class='ocrx_word' id='word_1_110' title='bbox 345 1811 510 1876; x_wconf 81' lang='lat' dir='ltr'>conlatio?</span> 
     </span>
    </p>

    <p class='ocr_par' dir='ltr' id='par_1_3' title="bbox 248 1914 1447 3173">
     <span class='ocr_line' id='line_1_14' title="bbox 294 1914 1397 2002; baseline -0.001 -19"><span class='ocrx_word' id='word_1_111' title='bbox 294 1919 343 1983; x_wconf 83' lang='lat' dir='ltr'>An</span> <span class='ocrx_word' id='word_1_112' title='bbox 372 1916 490 2002; x_wconf 87' lang='lat' dir='ltr'>potius,</span> <span class='ocrx_word' id='word_1_113' title='bbox 516 1916 663 1998; x_wconf 87' lang='lat' dir='ltr'>quoniam</span> <span class='ocrx_word' id='word_1_114' title='bbox 692 1915 795 1998; x_wconf 90' lang='lat' dir='ltr'>primo</span> <span class='ocrx_word' id='word_1_115' title='bbox 823 1914 908 1980; x_wconf 84' lang='lat' dir='ltr'>facta</span> <span class='ocrx_word' id='word_1_116' title='bbox 933 1915 1133 2000; x_wconf 84' lang='lat' dir='ltr'>intellegitur</span> <span class='ocrx_word' id='word_1_117' title='bbox 1158 1915 1242 1982; x_wconf 88' lang='lat' dir='ltr'>lucis</span> <span class='ocrx_word' id='word_1_118' title='bbox 1269 1917 1397 1982; x_wconf 87' lang='lat' dir='ltr'>nominc</span> 
     </span>
     <span class='ocr_line' id='line_1_15' title="bbox 250 2022 1397 2108; baseline 0 -19"><span class='ocrx_word' id='word_1_119' title='bbox 250 2025 404 2108; x_wconf 83' lang='lat' dir='ltr'>spiritalis</span> <span class='ocrx_word' id='word_1_120' title='bbox 437 2027 600 2088; x_wconf 87' lang='lat' dir='ltr'>creaturae</span> <span class='ocrx_word' id='word_1_121' title='bbox 632 2022 789 2099; x_wconf 79' lang='lat' dir='ltr'>formatio,</span> <span class='ocrx_word' id='word_1_122' title='bbox 822 2041 1022 2105; x_wconf 87' lang='lat' dir='ltr'>consequens</span> <span class='ocrx_word' id='word_1_123' title='bbox 1055 2027 1131 2100; x_wconf 84' lang='lat' dir='ltr'>erat,</span> <span class='ocrx_word' id='word_1_124' title='bbox 1160 2027 1198 2088; x_wconf 91' lang='lat' dir='ltr'>ut</span> <span class='ocrx_word' id='word_1_125' title='bbox 1224 2024 1397 2106; x_wconf 87' lang='lat' dir='ltr'>corporalis</span> 
     </span>
     <span class='ocr_line' id='line_1_16' title="bbox 250 2128 1447 2214; baseline 0.004 -18"><span class='ocrx_word' id='word_1_126' title='bbox 250 2149 376 2214; x_wconf 89' lang='lat' dir='ltr'>quoque</span> <span class='ocrx_word' id='word_1_127' title='bbox 400 2133 555 2208; x_wconf 83' lang='lat' dir='ltr'>creatura,</span> <span class='ocrx_word' id='word_1_128' title='bbox 579 2128 612 2193; x_wconf 95' lang='lat' dir='ltr'>id</span> <span class='ocrx_word' id='word_1_129' title='bbox 636 2131 686 2194; x_wconf 87' lang='lat' dir='ltr'>est</span> <span class='ocrx_word' id='word_1_130' title='bbox 703 2128 844 2194; x_wconf 87' lang='lat' dir='ltr'>mundus</span> <span class='ocrx_word' id='word_1_131' title='bbox 862 2129 925 2194; x_wconf 87' lang='lat' dir='ltr'>iste</span> <span class='ocrx_word' id='word_1_132' title='bbox 943 2129 1082 2195; x_wconf 89' lang='lat' dir='ltr'>uisibilis</span> <span class='ocrx_word' id='word_1_133' title='bbox 1100 2130 1199 2208; x_wconf 86' lang='lat' dir='ltr'>lieret,</span> <span class='ocrx_word' id='word_1_134' title='bbox 1220 2130 1274 2213; x_wconf 88' lang='lat' dir='ltr'>qui</span> <span class='ocrx_word' id='word_1_135' title='bbox 1291 2131 1397 2196; x_wconf 84' lang='lat' dir='ltr'>factus</span> <span class='ocrx_word' id='word_1_136' title='bbox 1417 2162 1447 2201; x_wconf 80' lang='lat'>15</span> 
     </span>
     <span class='ocr_line' id='line_1_17' title="bbox 251 2235 1398 2320; baseline -0.002 -18"><span class='ocrx_word' id='word_1_137' title='bbox 251 2241 302 2302; x_wconf 89' lang='lat' dir='ltr'>est</span> <span class='ocrx_word' id='word_1_138' title='bbox 323 2237 420 2302; x_wconf 89' lang='lat' dir='ltr'>biduo</span> <span class='ocrx_word' id='word_1_139' title='bbox 444 2238 573 2320; x_wconf 89' lang='lat' dir='ltr'>propter</span> <span class='ocrx_word' id='word_1_140' title='bbox 597 2235 676 2302; x_wconf 86' lang='lat' dir='ltr'>duas</span> <span class='ocrx_word' id='word_1_141' title='bbox 704 2239 811 2319; x_wconf 83' lang='lat' dir='ltr'>partes</span> <span class='ocrx_word' id='word_1_142' title='bbox 839 2255 914 2301; x_wconf 89' lang='lat' dir='ltr'>suas</span> <span class='ocrx_word' id='word_1_143' title='bbox 943 2235 1107 2314; x_wconf 82' lang='lat' dir='ltr'>maximae,</span> <span class='ocrx_word' id='word_1_144' title='bbox 1131 2237 1248 2319; x_wconf 87' lang='lat' dir='ltr'>quibus</span> <span class='ocrx_word' id='word_1_145' title='bbox 1271 2239 1398 2303; x_wconf 86' lang='lat' dir='ltr'>constat</span> 
     </span>
     <span class='ocr_line' id='line_1_18' title="bbox 249 2342 1396 2422; baseline 0 -14"><span class='ocrx_word' id='word_1_146' title='bbox 249 2344 430 2422; x_wconf 85' lang='lat' dir='ltr'>uniuersus,</span> <span class='ocrx_word' id='word_1_147' title='bbox 455 2345 577 2408; x_wconf 85' lang='lat' dir='ltr'>caelum</span> <span class='ocrx_word' id='word_1_148' title='bbox 603 2342 726 2408; x_wconf 87' lang='lat' dir='ltr'>scilicet</span> <span class='ocrx_word' id='word_1_149' title='bbox 748 2345 781 2407; x_wconf 92' lang='lat' dir='ltr'>et</span> <span class='ocrx_word' id='word_1_150' title='bbox 802 2346 940 2408; x_wconf 81' lang='lat' dir='ltr'>terram?</span> <span class='ocrx_word' id='word_1_151' title='bbox 964 2342 1139 2408; x_wconf 89' lang='lat' dir='ltr'>secundum</span> <span class='ocrx_word' id='word_1_152' title='bbox 1162 2343 1396 2410; x_wconf 80' lang='lat' dir='ltr'>honorationis</span> 
     </span>
     <span class='ocr_line' id='line_1_19' title="bbox 250 2449 1395 2534; baseline -0.001 -16"><span class='ocrx_word' id='word_1_153' title='bbox 250 2450 473 2529; x_wconf 77' lang='lat' dir='ltr'>conlationem,</span> <span class='ocrx_word' id='word_1_154' title='bbox 498 2470 561 2533; x_wconf 85' lang='lat' dir='ltr'>qua</span> <span class='ocrx_word' id='word_1_155' title='bbox 584 2452 617 2515; x_wconf 91' lang='lat' dir='ltr'>et</span> <span class='ocrx_word' id='word_1_156' title='bbox 634 2449 704 2532; x_wconf 87' lang='lat' dir='ltr'>ipsa</span> <span class='ocrx_word' id='word_1_157' title='bbox 722 2449 874 2515; x_wconf 86' lang='lat' dir='ltr'>uniuersa</span> <span class='ocrx_word' id='word_1_158' title='bbox 897 2452 1041 2515; x_wconf 82' lang='lat' dir='ltr'>creatura</span> <span class='ocrx_word' id='word_1_159' title='bbox 1063 2450 1214 2533; x_wconf 87' lang='lat' dir='ltr'>spiritalis</span> <span class='ocrx_word' id='word_1_160' title='bbox 1238 2453 1272 2515; x_wconf 89' lang='lat' dir='ltr'>et</span> <span class='ocrx_word' id='word_1_161' title='bbox 1289 2469 1395 2534; x_wconf 87' lang='lat' dir='ltr'>corpo-</span> 
     </span>
     <span class='ocr_line' id='line_1_20' title="bbox 250 2555 1395 2641; baseline 0 -19"><span class='ocrx_word' id='word_1_162' title='bbox 250 2558 326 2623; x_wconf 83' lang='lat' dir='ltr'>ralis</span> <span class='ocrx_word' id='word_1_163' title='bbox 342 2575 437 2641; x_wconf 86' lang='lat' dir='ltr'>saepe</span> <span class='ocrx_word' id='word_1_164' title='bbox 452 2555 576 2621; x_wconf 87' lang='lat' dir='ltr'>caelum</span> <span class='ocrx_word' id='word_1_165' title='bbox 594 2560 626 2620; x_wconf 89' lang='lat' dir='ltr'>et</span> <span class='ocrx_word' id='word_1_166' title='bbox 639 2558 722 2621; x_wconf 85' lang='lat' dir='ltr'>torre</span> <span class='ocrx_word' id='word_1_167' title='bbox 736 2555 926 2633; x_wconf 78' lang='lat' dir='ltr'>nominatur,</span> <span class='ocrx_word' id='word_1_168' title='bbox 940 2555 987 2621; x_wconf 90' lang='lat' dir='ltr'>ita</span> <span class='ocrx_word' id='word_1_169' title='bbox 1001 2559 1040 2620; x_wconf 92' lang='lat' dir='ltr'>ut</span> <span class='ocrx_word' id='word_1_170' title='bbox 1056 2557 1172 2640; x_wconf 83' lang='lat' dir='ltr'>globus</span> <span class='ocrx_word' id='word_1_171' title='bbox 1191 2577 1316 2641; x_wconf 88' lang='lat' dir='ltr'>qnoque</span> <span class='ocrx_word' id='word_1_172' title='bbox 1333 2557 1395 2622; x_wconf 85' lang='lat' dir='ltr'>isto</span> 
     </span>
     <span class='ocr_line' id='line_1_21' title="bbox 248 2662 1447 2746; baseline 0.002 -17"><span class='ocrx_word' id='word_1_173' title='bbox 248 2663 491 2729; x_wconf 82' lang='lat' dir='ltr'>turbulentioris</span> <span class='ocrx_word' id='word_1_174' title='bbox 516 2663 597 2729; x_wconf 86' lang='lat' dir='ltr'>aeris</span> <span class='ocrx_word' id='word_1_175' title='bbox 621 2667 762 2727; x_wconf 83' lang='lat' dir='ltr'>terrenae</span> <span class='ocrx_word' id='word_1_176' title='bbox 784 2662 868 2745; x_wconf 84' lang='lat' dir='ltr'>parti</span> <span class='ocrx_word' id='word_1_177' title='bbox 891 2663 1062 2746; x_wconf 87' lang='lat' dir='ltr'>deputetur</span> <span class='ocrx_word' id='word_1_178' title='bbox 1079 2702 1125 2711; x_wconf 92' lang='lat'>—</span> <span class='ocrx_word' id='word_1_179' title='bbox 1143 2664 1395 2729; x_wconf 79' lang='lat' dir='ltr'>exhalationibus</span> <span class='ocrx_word' id='word_1_180' title='bbox 1413 2691 1447 2733; x_wconf 76' lang='lat' dir='ltr'>ro</span> 
     </span>
     <span class='ocr_line' id='line_1_22' title="bbox 251 2768 1394 2855; baseline -0.002 -20"><span class='ocrx_word' id='word_1_181' title='bbox 251 2772 367 2855; x_wconf 88' lang='lat' dir='ltr'>quippe</span> <span class='ocrx_word' id='word_1_182' title='bbox 395 2768 537 2835; x_wconf 86' lang='lat' dir='ltr'>humidis</span> <span class='ocrx_word' id='word_1_183' title='bbox 566 2769 760 2854; x_wconf 81' lang='lat' dir='ltr'>corporescit</span> <span class='ocrx_word' id='word_1_184' title='bbox 785 2805 831 2817; x_wconf 88' lang='lat'><em>-</em></span> <span class='ocrx_word' id='word_1_185' title='bbox 859 2769 888 2834; x_wconf 90' lang='lat' dir='ltr'>si</span> <span class='ocrx_word' id='word_1_186' title='bbox 917 2768 993 2851; x_wconf 89' lang='lat' dir='ltr'>quid</span> <span class='ocrx_word' id='word_1_187' title='bbox 1020 2787 1095 2834; x_wconf 89' lang='lat' dir='ltr'>uero</span> <span class='ocrx_word' id='word_1_188' title='bbox 1122 2770 1286 2853; x_wconf 87' lang='lat' dir='ltr'>tranquilli</span> <span class='ocrx_word' id='word_1_189' title='bbox 1314 2769 1394 2835; x_wconf 81' lang='lat' dir='ltr'>acris</span> 
     </span>
     <span class='ocr_line' id='line_1_23' title="bbox 249 2874 1394 2959; baseline 0 -18"><span class='ocrx_word' id='word_1_190' title='bbox 249 2880 310 2955; x_wconf 84' lang='lat' dir='ltr'>cst,</span> <span class='ocrx_word' id='word_1_191' title='bbox 334 2875 390 2941; x_wconf 93' lang='lat' dir='ltr'>ubi</span> <span class='ocrx_word' id='word_1_192' title='bbox 412 2875 540 2941; x_wconf 89' lang='lat' dir='ltr'>uentosi</span> <span class='ocrx_word' id='word_1_193' title='bbox 564 2878 659 2958; x_wconf 84' lang='lat' dir='ltr'>atque</span> <span class='ocrx_word' id='word_1_194' title='bbox 682 2874 853 2957; x_wconf 91' lang='lat' dir='ltr'>procellosi</span> <span class='ocrx_word' id='word_1_195' title='bbox 875 2878 983 2939; x_wconf 91' lang='lat' dir='ltr'>motus</span> <span class='ocrx_word' id='word_1_196' title='bbox 1006 2894 1067 2941; x_wconf 90' lang='lat' dir='ltr'>non</span> <span class='ocrx_word' id='word_1_197' title='bbox 1090 2878 1226 2959; x_wconf 86' lang='lat' dir='ltr'>possunt</span> <span class='ocrx_word' id='word_1_198' title='bbox 1252 2877 1394 2954; x_wconf 85' lang='lat' dir='ltr'>existere,</span> 
     </span>
     <span class='ocr_line' id='line_1_24' title="bbox 250 2980 1395 3065; baseline 0 -18"><span class='ocrx_word' id='word_1_199' title='bbox 250 2983 289 3048; x_wconf 86' lang='lat' dir='ltr'>ad</span> <span class='ocrx_word' id='word_1_200' title='bbox 312 2984 483 3047; x_wconf 87' lang='lat' dir='ltr'>caelestem</span> <span class='ocrx_word' id='word_1_201' title='bbox 507 2985 629 3065; x_wconf 88' lang='lat' dir='ltr'>partem</span> <span class='ocrx_word' id='word_1_202' title='bbox 648 2980 815 3065; x_wconf 86' lang='lat' dir='ltr'>pertineat,</span> <span class='ocrx_word' id='word_1_203' title='bbox 847 2982 1020 3064; x_wconf 87' lang='lat' dir='ltr'>posthanc</span> <span class='ocrx_word' id='word_1_204' title='bbox 1039 2981 1282 3049; x_wconf 80' lang='lat' dir='ltr'>uniuersitatem</span> <span class='ocrx_word' id='word_1_205' title='bbox 1301 2982 1395 3047; x_wconf 87' lang='lat' dir='ltr'>molis</span> 
     </span>
     <span class='ocr_line' id='line_1_25' title="bbox 249 3087 1395 3173; baseline -0.001 -19"><span class='ocrx_word' id='word_1_206' title='bbox 249 3106 418 3173; x_wconf 82' lang='lat' dir='ltr'>corporeae</span> <span class='ocrx_word' id='word_1_207' title='bbox 441 3087 639 3167; x_wconf 76' lang='lat' dir='ltr'>fabricatam,</span> <span class='ocrx_word' id='word_1_208' title='bbox 665 3106 744 3169; x_wconf 88' lang='lat' dir='ltr'>quac</span> <span class='ocrx_word' id='word_1_209' title='bbox 767 3107 831 3153; x_wconf 93' lang='lat' dir='ltr'>uno</span> <span class='ocrx_word' id='word_1_210' title='bbox 854 3089 925 3154; x_wconf 92' lang='lat' dir='ltr'>loco</span> <span class='ocrx_word' id='word_1_211' title='bbox 948 3092 1018 3154; x_wconf 89' lang='lat' dir='ltr'>tota</span> <span class='ocrx_word' id='word_1_212' title='bbox 1039 3092 1099 3168; x_wconf 84' lang='lat' dir='ltr'>est,</span> <span class='ocrx_word' id='word_1_213' title='bbox 1124 3108 1186 3173; x_wconf 84' lang='lat' dir='ltr'>quo</span> <span class='ocrx_word' id='word_1_214' title='bbox 1211 3090 1395 3155; x_wconf 86' lang='lat' dir='ltr'>conlocatus</span> 
     </span>
    </p>
   </div>
   <div class='ocr_carea' id='block_1_3' title="bbox 247 3307 1397 4125">
    <p class='ocr_par' dir='ltr' id='par_1_4' title="bbox 247 3307 1397 4125">
     <span class='ocr_line' id='line_1_26' title="bbox 285 3307 1396 3414; baseline 0.002 -19"><span class='ocrx_word' id='word_1_215' title='bbox 285 3307 457 3409; x_wconf 73' lang='lat' dir='ltr'>2v1f¹⁰&lt;m0</span> <span class='ocrx_word' id='word_1_216' title='bbox 477 3340 542 3395; x_wconf 76' lang='lat' dir='ltr'>aso.</span> <span class='ocrx_word' id='word_1_217' title='bbox 562 3359 596 3397; x_wconf 79' lang='lat' dir='ltr'>m.</span> <span class='ocrx_word' id='word_1_218' title='bbox 616 3343 643 3409; x_wconf 74' lang='lat' dir='ltr'>a&gt;</span> <span class='ocrx_word' id='word_1_219' title='bbox 663 3342 691 3395; x_wconf 79' lang='grc' dir='ltr'><strong><em>Ρ</em></strong></span> <span class='ocrx_word' id='word_1_220' title='bbox 762 3342 854 3396; x_wconf 75' lang='lat' dir='ltr'>erres</span> <span class='ocrx_word' id='word_1_221' title='bbox 870 3358 893 3397; x_wconf 66' lang='lat' dir='ltr'>s.</span> <span class='ocrx_word' id='word_1_222' title='bbox 913 3343 931 3396; x_wconf 80' lang='lat' dir='ltr'>r.</span> <span class='ocrx_word' id='word_1_223' title='bbox 951 3343 979 3395; x_wconf 82' lang='grc' dir='ltr'><strong><em>Ρ</em></strong></span> <span class='ocrx_word' id='word_1_224' title='bbox 1052 3342 1201 3414; x_wconf 77' lang='lat' dir='ltr'>respondet</span> <span class='ocrx_word' id='word_1_225' title='bbox 1218 3342 1257 3396; x_wconf 67' lang='lat' dir='ltr'>es</span> <span class='ocrx_word' id='word_1_226' title='bbox 1329 3348 1396 3411; x_wconf 70' lang='lat' dir='ltr'>post</span> 
     </span>
     <span class='ocr_line' id='line_1_27' title="bbox 249 3430 1394 3501; baseline 0 -16"><span class='ocrx_word' id='word_1_227' title='bbox 249 3432 368 3501; x_wconf 85' lang='lat' dir='ltr'>quietem</span> <span class='ocrx_word' id='word_1_228' title='bbox 389 3430 454 3484; x_wconf 85' lang='lat' dir='ltr'>odd.</span> <span class='ocrx_word' id='word_1_229' title='bbox 474 3430 528 3485; x_wconf 90' lang='lat' dir='ltr'>diei</span> <span class='ocrx_word' id='word_1_230' title='bbox 553 3430 668 3485; x_wconf 83' lang='lat' dir='ltr'>PRde</span> <span class='ocrx_word' id='word_1_231' title='bbox 761 3434 779 3485; x_wconf 86' lang='grc'>4</span> <span class='ocrx_word' id='word_1_232' title='bbox 803 3431 1019 3501; x_wconf 80' lang='lat' dir='ltr'>concinentibus]</span> <span class='ocrx_word' id='word_1_233' title='bbox 1044 3432 1246 3487; x_wconf 85' lang='lat' dir='ltr'>continentibus</span> <span class='ocrx_word' id='word_1_234' title='bbox 1269 3432 1307 3485; x_wconf 86' lang='lat' dir='ltr'>E¹</span> <span class='ocrx_word' id='word_1_235' title='bbox 1332 3447 1394 3485; x_wconf 87' lang='lat' dir='ltr'>con·</span> 
     </span>
     <span class='ocr_line' id='line_1_28' title="bbox 249 3518 1394 3591; baseline -0.001 -18"><span class='ocrx_word' id='word_1_236' title='bbox 249 3521 342 3573; x_wconf 86' lang='lat' dir='ltr'>cinnat</span> <span class='ocrx_word' id='word_1_237' title='bbox 360 3518 397 3572; x_wconf 78' lang='grc' dir='ltr'>Ρ1</span> <span class='ocrx_word' id='word_1_238' title='bbox 416 3518 703 3591; x_wconf 65' lang='lat' dir='ltr'>concrepantibuslo</span> <span class='ocrx_word' id='word_1_239' title='bbox 722 3520 961 3575; x_wconf 82' lang='lat' dir='ltr'>conicientibusS</span> <span class='ocrx_word' id='word_1_240' title='bbox 1042 3520 1142 3575; x_wconf 85' lang='lat' dir='ltr'>finibus</span> <span class='ocrx_word' id='word_1_241' title='bbox 1160 3537 1213 3575; x_wconf 88' lang='lat' dir='ltr'>om.</span> <span class='ocrx_word' id='word_1_242' title='bbox 1231 3520 1269 3590; x_wconf 65' lang='lat' dir='ltr'>P}</span> <span class='ocrx_word' id='word_1_243' title='bbox 1351 3535 1394 3572; x_wconf 86' lang='lat' dir='ltr'>re·</span> 
     </span>
     <span class='ocr_line' id='line_1_29' title="bbox 247 3606 1395 3678; baseline -0.001 -16"><span class='ocrx_word' id='word_1_244' title='bbox 247 3626 307 3662; x_wconf 89' lang='lat' dir='ltr'>rum</span> <span class='ocrx_word' id='word_1_245' title='bbox 326 3626 376 3664; x_wconf 86' lang='lat' dir='ltr'>om.</span> <span class='ocrx_word' id='word_1_246' title='bbox 396 3608 510 3664; x_wconf 79' lang='lat' dir='ltr'>PRde</span> <span class='ocrx_word' id='word_1_247' title='bbox 616 3611 734 3663; x_wconf 86' lang='lat' dir='ltr'>tessetur</span> <span class='ocrx_word' id='word_1_248' title='bbox 751 3608 790 3663; x_wconf 83' lang='lat' dir='ltr'>E¹</span> <span class='ocrx_word' id='word_1_249' title='bbox 881 3608 962 3678; x_wconf 78' lang='lat' dir='ltr'>bde]</span> <span class='ocrx_word' id='word_1_250' title='bbox 984 3609 1041 3663; x_wconf 83' lang='lat' dir='ltr'>cS</span> <span class='ocrx_word' id='word_1_251' title='bbox 1127 3608 1313 3663; x_wconf 76' lang='lat' dir='ltr'>dcoucinnct</span> <span class='ocrx_word' id='word_1_252' title='bbox 1329 3606 1395 3662; x_wconf 85' lang='lat' dir='ltr'>PR¹</span> 
     </span>
     <span class='ocr_line' id='line_1_30' title="bbox 249 3696 1394 3768; baseline -0.002 -17"><span class='ocrx_word' id='word_1_253' title='bbox 249 3697 403 3753; x_wconf 63' lang='lat' dir='ltr'>concisnere</span> <span class='ocrx_word' id='word_1_254' title='bbox 433 3700 461 3763; x_wconf 77' lang='lat' dir='ltr'>(n</span> <span class='ocrx_word' id='word_1_255' title='bbox 489 3701 537 3760; x_wconf 72' lang='lat' dir='ltr'>cr.)</span> <span class='ocrx_word' id='word_1_256' title='bbox 566 3698 594 3751; x_wconf 90' lang='lat' dir='ltr'><em>R</em></span> <span class='ocrx_word' id='word_1_257' title='bbox 684 3698 775 3768; x_wconf 80' lang='lat' dir='ltr'>Squi</span> <span class='ocrx_word' id='word_1_258' title='bbox 797 3697 837 3751; x_wconf 86' lang='lat' dir='ltr'>R¹</span> <span class='ocrx_word' id='word_1_259' title='bbox 944 3698 1018 3752; x_wconf 82' lang='lat' dir='ltr'>caelo</span> <span class='ocrx_word' id='word_1_260' title='bbox 1041 3696 1082 3752; x_wconf 83' lang='lat' dir='ltr'>R¹</span> <span class='ocrx_word' id='word_1_261' title='bbox 1176 3700 1281 3766; x_wconf 84' lang='lat' dir='ltr'>9post</span> <span class='ocrx_word' id='word_1_262' title='bbox 1306 3698 1394 3750; x_wconf 84' lang='lat' dir='ltr'>totam</span> 
     </span>
     <span class='ocr_line' id='line_1_31' title="bbox 250 3785 1395 3857; baseline -0.003 -18"><span class='ocrx_word' id='word_1_263' title='bbox 250 3786 315 3840; x_wconf 79' lang='lat' dir='ltr'>add.</span> <span class='ocrx_word' id='word_1_264' title='bbox 334 3802 368 3839; x_wconf 84' lang='lat' dir='ltr'>m.</span> <span class='ocrx_word' id='word_1_265' title='bbox 389 3786 405 3841; x_wconf 82' lang='lat'>2</span> <span class='ocrx_word' id='word_1_266' title='bbox 424 3803 447 3841; x_wconf 82' lang='lat' dir='ltr'>e.</span> <span class='ocrx_word' id='word_1_267' title='bbox 466 3787 483 3843; x_wconf 81' lang='lat' dir='ltr'>l.</span> <span class='ocrx_word' id='word_1_268' title='bbox 504 3791 581 3857; x_wconf 71' lang='lat' dir='ltr'>parte</span> <span class='ocrx_word' id='word_1_269' title='bbox 599 3788 630 3841; x_wconf 83' lang='lat' dir='ltr'><strong><em>E</em></strong></span> <span class='ocrx_word' id='word_1_270' title='bbox 700 3788 734 3839; x_wconf 93' lang='grc'>10</span> <span class='ocrx_word' id='word_1_271' title='bbox 754 3792 819 3840; x_wconf 63' lang='lat' dir='ltr'>ank</span> <span class='ocrx_word' id='word_1_272' title='bbox 841 3786 937 3840; x_wconf 83' lang='lat' dir='ltr'>bestiis</span> <span class='ocrx_word' id='word_1_273' title='bbox 957 3786 1023 3841; x_wconf 83' lang='lat' dir='ltr'>add.</span> <span class='ocrx_word' id='word_1_274' title='bbox 1044 3786 1076 3839; x_wconf 90' lang='lat' dir='ltr'>dc</span> <span class='ocrx_word' id='word_1_275' title='bbox 1095 3785 1221 3841; x_wconf 73' lang='lat' dir='ltr'>Penus</span> <span class='ocrx_word' id='word_1_276' title='bbox 1294 3786 1325 3838; x_wconf 91' lang='lat' dir='ltr'>ll</span> <span class='ocrx_word' id='word_1_277' title='bbox 1346 3800 1395 3837; x_wconf 82' lang='lat' dir='ltr'>suo</span> 
     </span>
     <span class='ocr_line' id='line_1_32' title="bbox 248 3874 1396 3946; baseline 0.002 -19"><span class='ocrx_word' id='word_1_278' title='bbox 248 3890 347 3943; x_wconf 87' lang='lat' dir='ltr'>genere</span> <span class='ocrx_word' id='word_1_279' title='bbox 365 3874 457 3929; x_wconf 74' lang='lat' dir='ltr'>Poto</span> <span class='ocrx_word' id='word_1_280' title='bbox 503 3874 536 3929; x_wconf 79' lang='lat'>12</span> <span class='ocrx_word' id='word_1_281' title='bbox 556 3876 673 3931; x_wconf 86' lang='lat' dir='ltr'>conlatio</span> <span class='ocrx_word' id='word_1_282' title='bbox 692 3875 732 3929; x_wconf 81' lang='grc' dir='ltr'>Ει</span> <span class='ocrx_word' id='word_1_283' title='bbox 751 3876 862 3930; x_wconf 87' lang='lat' dir='ltr'>collatio</span> <span class='ocrx_word' id='word_1_284' title='bbox 880 3876 935 3931; x_wconf 87' lang='lat' dir='ltr'>PR</span> <span class='ocrx_word' id='word_1_285' title='bbox 982 3875 1016 3929; x_wconf 86' lang='lat'>13</span> <span class='ocrx_word' id='word_1_286' title='bbox 1035 3876 1159 3946; x_wconf 82' lang='lat' dir='ltr'>primae</span> <span class='ocrx_word' id='word_1_287' title='bbox 1203 3875 1235 3929; x_wconf 83' lang='lat'>16</span> <span class='ocrx_word' id='word_1_288' title='bbox 1254 3874 1337 3930; x_wconf 88' lang='lat' dir='ltr'>uiduo</span> <span class='ocrx_word' id='word_1_289' title='bbox 1355 3875 1396 3929; x_wconf 65' lang='grc' dir='ltr'>Εί</span> 
     </span>
     <span class='ocr_line' id='line_1_33' title="bbox 250 3964 1397 4035; baseline 0.002 -18"><span class='ocrx_word' id='word_1_290' title='bbox 250 3964 283 4017; x_wconf 79' lang='lat' dir='ltr'>ll</span> <span class='ocrx_word' id='word_1_291' title='bbox 302 3964 458 4018; x_wconf 87' lang='lat' dir='ltr'>uniuersum</span> <span class='ocrx_word' id='word_1_292' title='bbox 477 3964 515 4019; x_wconf 81' lang='grc' dir='ltr'>Ει</span> <span class='ocrx_word' id='word_1_293' title='bbox 535 3966 678 4018; x_wconf 85' lang='lat' dir='ltr'>uniuersus</span> <span class='ocrx_word' id='word_1_294' title='bbox 697 3964 848 4018; x_wconf 86' lang='lat' dir='ltr'>mundusb</span> <span class='ocrx_word' id='word_1_295' title='bbox 920 3969 992 4019; x_wconf 85' lang='lat' dir='ltr'>terra</span> <span class='ocrx_word' id='word_1_296' title='bbox 1010 3966 1041 4019; x_wconf 80' lang='grc' dir='ltr'><em>Ε</em></span> <span class='ocrx_word' id='word_1_297' title='bbox 1108 3964 1188 4033; x_wconf 82' lang='lat' dir='ltr'>hane]</span> <span class='ocrx_word' id='word_1_298' title='bbox 1206 3964 1277 4019; x_wconf 86' lang='lat' dir='ltr'>hane</span> <span class='ocrx_word' id='word_1_299' title='bbox 1296 3966 1397 4035; x_wconf 78' lang='lat' dir='ltr'>ergoS</span> 
     </span>
     <span class='ocr_line' id='line_1_34' title="bbox 250 4050 1397 4125; baseline 0.005 -21"><span class='ocrx_word' id='word_1_300' title='bbox 250 4050 283 4104; x_wconf 87' lang='grc'>18</span> <span class='ocrx_word' id='word_1_301' title='bbox 299 4052 478 4106; x_wconf 86' lang='lat' dir='ltr'>conlationem</span> <span class='ocrx_word' id='word_1_302' title='bbox 492 4052 557 4108; x_wconf 80' lang='lat' dir='ltr'>E¹S</span> <span class='ocrx_word' id='word_1_303' title='bbox 569 4054 741 4108; x_wconf 87' lang='lat' dir='ltr'>collationem</span> <span class='ocrx_word' id='word_1_304' title='bbox 755 4053 809 4109; x_wconf 85' lang='lat' dir='ltr'>PR</span> <span class='ocrx_word' id='word_1_305' title='bbox 882 4055 946 4123; x_wconf 87' lang='lat' dir='ltr'>qua]</span> <span class='ocrx_word' id='word_1_306' title='bbox 962 4053 1069 4125; x_wconf 80' lang='lat' dir='ltr'>quaeS</span> <span class='ocrx_word' id='word_1_307' title='bbox 1080 4070 1131 4107; x_wconf 89' lang='lat' dir='ltr'>om.</span> <span class='ocrx_word' id='word_1_308' title='bbox 1144 4053 1172 4107; x_wconf 88' lang='lat' dir='ltr'><strong><em>P</em></strong></span> <span class='ocrx_word' id='word_1_309' title='bbox 1242 4057 1271 4107; x_wconf 86' lang='lat' dir='ltr'>et</span> <span class='ocrx_word' id='word_1_310' title='bbox 1284 4068 1354 4108; x_wconf 77' lang='lat' dir='ltr'>cros.</span> <span class='ocrx_word' id='word_1_311' title='bbox 1368 4054 1397 4110; x_wconf 84' lang='lat' dir='ltr'><strong><em>R</em></strong></span> 
     </span>
    </p>
   </div>
   <div class='ocr_carea' id='block_1_4' title="bbox 248 4135 1397 4417">
    <p class='ocr_par' dir='ltr' id='par_1_5' title="bbox 248 4135 1397 4417">
     <span class='ocr_line' id='line_1_35' title="bbox 248 4135 1397 4236; baseline 0.003 -17"><span class='ocrx_word' id='word_1_312' title='bbox 248 4166 308 4236; x_wconf 86' lang='lat' dir='ltr'>ipsa</span> <span class='ocrx_word' id='word_1_313' title='bbox 327 4183 377 4222; x_wconf 85' lang='lat' dir='ltr'>om.</span> <span class='ocrx_word' id='word_1_314' title='bbox 396 4166 434 4223; x_wconf 72' lang='lat'>1³¹</span> <span class='ocrx_word' id='word_1_315' title='bbox 518 4169 646 4223; x_wconf 87' lang='lat' dir='ltr'>uniuersa</span> <span class='ocrx_word' id='word_1_316' title='bbox 663 4169 757 4225; x_wconf 86' lang='lat' dir='ltr'>om.S</span> <span class='ocrx_word' id='word_1_317' title='bbox 845 4169 882 4224; x_wconf 82' lang='lat'>20</span> <span class='ocrx_word' id='word_1_318' title='bbox 899 4170 980 4224; x_wconf 88' lang='lat' dir='ltr'>turbo</span> <span class='ocrx_word' id='word_1_319' title='bbox 997 4135 1123 4235; x_wconf 61' lang='lat' dir='ltr'>lontddris</span> <span class='ocrx_word' id='word_1_320' title='bbox 1141 4169 1174 4223; x_wconf 70' lang='lat'>8¹</span> <span class='ocrx_word' id='word_1_321' title='bbox 1259 4167 1397 4225; x_wconf 82' lang='lat' dir='ltr'>torrenib</span> 
     </span>
     <span class='ocr_line' id='line_1_36' title="bbox 248 4257 1397 4329; baseline 0.004 -20"><span class='ocrx_word' id='word_1_322' title='bbox 248 4258 389 4319; x_wconf 69' lang='lat' dir='ltr'>terream</span> <span class='ocrx_word' id='word_1_323' title='bbox 414 4260 505 4327; x_wconf 81' lang='lat' dir='ltr'>(apr.</span> <span class='ocrx_word' id='word_1_324' title='bbox 529 4274 588 4327; x_wconf 78' lang='lat' dir='ltr'>cap.</span> <span class='ocrx_word' id='word_1_325' title='bbox 611 4275 646 4313; x_wconf 86' lang='lat' dir='ltr'>m.</span> <span class='ocrx_word' id='word_1_326' title='bbox 671 4262 697 4325; x_wconf 83' lang='lat'>1)</span> <span class='ocrx_word' id='word_1_327' title='bbox 720 4259 751 4313; x_wconf 84' lang='lat' dir='ltr'><em>E</em></span> <span class='ocrx_word' id='word_1_328' title='bbox 857 4259 1055 4314; x_wconf 76' lang='lat' dir='ltr'>exalationibus</span> <span class='ocrx_word' id='word_1_329' title='bbox 1077 4257 1185 4314; x_wconf 82' lang='lat' dir='ltr'><em>EPRS</em></span> <span class='ocrx_word' id='word_1_330' title='bbox 1273 4258 1308 4313; x_wconf 81' lang='lat'>23</span> <span class='ocrx_word' id='word_1_331' title='bbox 1334 4276 1397 4329; x_wconf 87' lang='lat' dir='ltr'>per-</span> 
     </span>
     <span class='ocr_line' id='line_1_37' title="bbox 248 4343 1397 4417; baseline 0.003 -20"><span class='ocrx_word' id='word_1_332' title='bbox 248 4346 342 4399; x_wconf 84' lang='lat' dir='ltr'>teneat</span> <span class='ocrx_word' id='word_1_333' title='bbox 361 4343 437 4401; x_wconf 78' lang='lat' dir='ltr'><strong>P¹R¹</strong></span> <span class='ocrx_word' id='word_1_334' title='bbox 492 4346 527 4399; x_wconf 85' lang='lat'>24</span> <span class='ocrx_word' id='word_1_335' title='bbox 545 4362 672 4417; x_wconf 84' lang='lat' dir='ltr'>corporae</span> <span class='ocrx_word' id='word_1_336' title='bbox 690 4346 730 4401; x_wconf 82' lang='lat' dir='ltr'>E²</span> <span class='ocrx_word' id='word_1_337' title='bbox 749 4345 934 4417; x_wconf 84' lang='lat' dir='ltr'>corporaecS</span> <span class='ocrx_word' id='word_1_338' title='bbox 1003 4346 1159 4401; x_wconf 83' lang='lat' dir='ltr'>conlocatus</span> <span class='ocrx_word' id='word_1_339' title='bbox 1176 4345 1240 4401; x_wconf 67' lang='grc' dir='ltr'>Εἰς</span> <span class='ocrx_word' id='word_1_340' title='bbox 1254 4347 1397 4401; x_wconf 82' lang='lat' dir='ltr'>locatusb</span> 
     </span>
    </p>
   </div>
   <div class='ocr_carea' id='block_1_5' title="bbox 0 0 1584 4950">
    <p class='ocr_par' dir='ltr' id='par_1_6' title="bbox 0 0 1584 4950">
     <span class='ocr_line' id='line_1_38' title="bbox 0 0 1584 4950; baseline 0 0"><span class='ocrx_word' id='word_1_341' title='bbox 0 0 1584 4950; x_wconf 95' lang='lat' dir='ltr'> </span> 
     </span>
    </p>
   </div>
  </div>
 </body>
</html>
