3159 4950
572 492 828 561 inperfectus
856 493 967 549 liber.
1278 498 1343 563 ¹173

196 688 365 771 imperium
389 687 458 752 eius
481 687 694 773 intellegatur,
718 689 749 753 in
776 708 824 767 eo,
848 689 932 771 quod
959 690 1081 754 laetum
1105 693 1165 768 est,
1189 693 1342 773 potentia,

196 795 227 859 in
251 814 298 873 eo,
323 793 407 878 quod
429 796 562 877 placuit,
585 796 775 881 benignitas,
801 796 886 861 siout
907 796 1081 862 ineffabilia
1103 817 1159 881 per
1181 798 1342 863 hominem

195 901 388 977 hominibus,
412 899 458 965 ita
480 903 518 966 ut
541 902 688 966 omnibus
716 901 867 985 prodesse
894 906 1037 987 possent,
1062 902 1125 968 diei
1153 903 1342 969 debuerunt.

240 1009 287 1073 Et
309 1007 447 1074 diuisit
470 1007 560 1073 deus
579 1008 679 1073 inter
696 1009 820 1075 lucem
840 1013 877 1075 et
894 1009 1082 1075 tenebras.
1105 1011 1180 1076 hino
1197 1011 1343 1096 intellegi

164 1115 281 1193 slieet,
307 1118 425 1199 quanta
448 1114 549 1179 diuini
573 1115 675 1199 operis
699 1115 852 1180 facilitate
879 1116 945 1181 ista
967 1116 1113 1182 dieantur
1135 1118 1256 1182 effecta.
1279 1135 1342 1182 non

196 1222 280 1287 enim
303 1222 470 1305 quisquam
494 1225 553 1298 est,
579 1223 633 1305 qui
656 1222 702 1287 sie
726 1222 887 1287 existimet
908 1223 1013 1288 lusam
1041 1223 1169 1301 laetam,
1193 1228 1230 1288 ut
1258 1226 1344 1289 esset

196 1328 328 1394 confusa
350 1346 424 1393 oum
446 1328 585 1394 tenebris
605 1331 638 1394 et
656 1328 695 1394 ob
714 1329 775 1394 hoe
798 1331 911 1411 postea
934 1329 1141 1410 separationis
1164 1329 1340 1413 indigeret;

196 1434 252 1501 sed
279 1454 316 1502 eo
343 1434 424 1517 ipso,
453 1453 515 1517 quo
543 1436 597 1499 lur
624 1434 708 1500 faeta
735 1438 795 1513 est,
824 1439 996 1502 consecuta
1023 1438 1074 1500 est
1101 1436 1197 1501 etiam
1226 1435 1343 1500 diuisis

195 1542 278 1606 inter
307 1542 413 1607 lucem
447 1544 479 1606 et
510 1541 668 1605 tenebras.
702 1560 795 1624 quae
828 1541 913 1605 enirn
946 1541 1113 1606 sooietas
1145 1542 1224 1605 luci
1261 1560 1342 1606 oum

152 1648 385 1713 intenebris?
419 1647 497 1713 deus
529 1666 604 1731 ergo
638 1646 751 1711 diuisit
782 1648 865 1712 inter
896 1648 1003 1712 luoem
1027 1650 1061 1712 et
1081 1648 1239 1726 tenebras,
1269 1648 1343 1730 qnia

194 1756 299 1820 luoem
322 1755 409 1834 feeit,
434 1755 525 1819 euius
549 1754 693 1820 absentia
715 1754 864 1818 tenebrae
886 1757 1051 1819 uocantur.
1080 1755 1213 1818 interest
1235 1757 1343 1819 autem

195 1861 278 1925 inter
303 1862 408 1926 lucem
437 1864 469 1925 et
495 1860 762 1937 tenebraesunt
788 1861 922 1925 interest
948 1860 1031 1925 inter
1057 1861 1287 1926 uestimentum
1311 1863 1345 1925 et

196 1968 373 2033 nuditatem
396 1970 453 2032 aut
473 1968 604 2051 plenum
628 1969 660 2031 et
681 1966 772 2031 inane
796 1971 829 2031 et
851 1966 978 2031 similia.

241 2075 307 2139 Iam
343 2077 421 2158 quot
452 2074 556 2139 modis
588 2075 642 2138 lux
673 2074 779 2156 possit
809 2074 965 2159 intellegi,
999 2093 1096 2158 supra
1128 2075 1249 2139 dietum
1282 2080 1341 2153 est,

153 2202 179 2244 ιε
198 2183 314 2266 quibus
339 2182 512 2247 contrariae
536 2180 732 2265 priuationes
754 2182 891 2263 possunt
913 2180 1061 2245 tenebrae
1084 2181 1248 2247 nominari.
1281 2181 1345 2245 alia

199 2292 249 2354 est
280 2289 364 2354 enim
396 2288 460 2366 lux,
490 2306 571 2371 quae
601 2287 729 2353 uidetur
760 2287 811 2351 his
840 2287 941 2352 oeulis
966 2288 1125 2371 corporeis
1153 2288 1250 2353 etiam
1272 2288 1345 2372 ipsa

199 2415 357 2480 corporea,
381 2398 418 2459 ut
441 2395 518 2459 solis
544 2398 576 2460 et
597 2395 692 2459 lunae
712 2396 745 2458 et
763 2394 929 2459 stellarum
948 2396 981 2458 et
999 2395 1027 2459 si
1047 2394 1124 2478 quid
1141 2395 1238 2460 huius
1256 2394 1342 2461 modi

198 2507 258 2580 est,
289 2503 341 2569 oui
369 2503 543 2568 contrariae
572 2505 648 2568 sunt
675 2501 834 2577 tenebrae,
859 2521 933 2567 aum
957 2502 1074 2585 aliquis
1096 2504 1187 2569 loona
1212 2523 1249 2568 ea
1270 2504 1345 2568 luoa

198 2613 294 2675 earet.
318 2610 380 2676 alia
401 2610 480 2674 item
497 2612 551 2675 lux
571 2613 621 2676 est
638 2609 707 2674 uita
725 2609 866 2674 sentiens
885 2612 918 2673 et
935 2610 1047 2675 ualens
1066 2609 1244 2676 discernere
1263 2629 1346 2692 quae

152 2741 180 2781 ao
197 2735 254 2798 per
277 2734 391 2798 eorpus
411 2715 451 2781 ad
470 2715 593 2779 animae
612 2713 766 2779 iudicium
784 2714 974 2791 referuntur,
993 2714 1027 2779 id
1046 2718 1097 2780 est
1115 2716 1187 2780 alba
1205 2718 1238 2780 et
1254 2717 1347 2800 nigra

199 2839 312 2886 canora
335 2825 368 2886 et
390 2840 486 2886 rausa
509 2821 731 2886 auaueolentia
755 2825 787 2885 et
816 2821 1033 2905 graueolentia
1055 2821 1162 2886 dulcia
1185 2825 1217 2887 et
1239 2841 1346 2886 amara

199 2927 301 2992 calida
324 2931 357 2992 et
378 2928 495 3012 frigida
514 2930 546 2992 et
565 2931 669 2992 cetera
692 2927 788 2992 huius
812 2927 908 2994 modi.
929 2928 992 2991 alia
1011 2931 1061 2992 est
1080 2929 1163 2993 enim
1185 2930 1240 2993 lux
1264 2948 1345 3012 quaa

199 3035 335 3098 sentitur
362 3035 464 3100 oeulis
494 3034 643 3115 aliudque
670 3053 727 3117 per
755 3035 865 3099 oeulos
889 3034 1004 3118 agitur,
1029 3037 1067 3099 nt
1094 3035 1257 3109 sentiatur.
1290 3036 1345 3099 illa

199 3141 281 3204 enim
314 3142 346 3205 in
380 3159 519 3224 corpore,
544 3141 622 3205 haeo
655 3144 762 3205 autern
795 3141 942 3223 quamuis
974 3161 1031 3225 per
1058 3160 1172 3224 eorpus
1201 3161 1237 3205 ea
1265 3160 1344 3224 quae

153 3273 180 3314 as
199 3247 298 3312 sent't
320 3248 456 3330 accipiat
477 3247 510 3310 in
534 3248 638 3312 anima
660 3251 767 3312 tamen
792 3250 851 3314 est.
875 3248 950 3311 huie
974 3242 1148 3312 contrariae
1167 3251 1243 3312 sunt
1260 3250 1345 3312 tene-

198 3354 283 3432 brae,
297 3353 527 3418 insensibilitas
547 3355 702 3436 quaedam
721 3356 775 3418 uel
795 3355 823 3419 si
840 3355 956 3420 melius
975 3356 1200 3420 insensualitas
1220 3354 1344 3432 dicitnr,

288 3567 306 3617 4
325 3562 392 3618 Gen.
413 3565 437 3628 l,
456 3566 474 3617 4
528 3565 544 3618 9
563 3563 591 3618 ΙΙ
611 3562 670 3618 Cor.
691 3564 716 3628 6,
738 3565 770 3617 14

235 3687 252 3740 2
270 3693 337 3756 poet
358 3688 430 3741 sicut
452 3687 575 3742 inmolaret
596 3688 651 3742 iata
674 3687 693 3741 d
782 3687 799 3741 3
822 3686 948 3758 prodesse
971 3689 1092 3758 possent]
1119 3687 1281 3758 prodessent
1301 3687 1346 3741 Lb

199 3777 217 3830 4
236 3775 331 3830 diuisit
348 3793 382 3830 aa
401 3776 504 3831 dimisit
527 3777 554 3830 V
641 3777 712 3831 inter
731 3793 781 3832 orn.
800 3776 855 3830 VT
942 3777 958 3830 6
978 3777 1088 3830 estimet
1104 3775 1189 3830 TML
1207 3776 1344 3847 estimetb

199 3863 308 3932 8quod
331 3863 358 3916 V
444 3862 712 3933 tiques—tenebras
731 3880 782 3919 om.
802 3863 829 3918 L
904 3864 972 3919 lueis
990 3864 1065 3919 Mbd
1154 3865 1184 3918 11
1206 3865 1302 3918 iterest
1319 3865 1346 3918 L

201 3953 235 4006 14
253 3953 340 4022 possit
357 3951 477 4022 intelligi
495 3953 541 4006 lux
563 3951 685 4006 TMLbd
740 3953 773 4006 16
790 3953 844 4006 hiis
861 3953 924 4006 ML
988 3955 1020 4006 17
1041 3954 1178 4023 corporea]
1198 3969 1294 4023 eorpea
1311 3955 1349 4008 M

202 4041 236 4096 18
255 4042 339 4110 aliqui
362 4039 389 4094 V
455 4041 487 4094 19
506 4042 583 4112 item]
604 4045 695 4095 autern
714 4041 757 4095 Lo
824 4043 856 4097 21
878 4042 1077 4112 graneolentia]
1096 4042 1222 4113 putentia
1243 4041 1345 4096 TMLb

200 4131 236 4186 22
258 4130 339 4184 huius
363 4129 448 4201 modi]
472 4130 554 4183 huius
577 4130 615 4183 M
633 4145 686 4184 om.
708 4129 736 4183 L
841 4130 878 4184 23
903 4130 1042 4202 aliudque]
1066 4131 1120 4186 alia
1143 4148 1196 4200 qua
1225 4130 1348 4186 TMLbd

200 4222 233 4273 ut
251 4235 301 4274 om.
326 4217 353 4272 V
404 4219 438 4273 25
456 4219 590 4288 percipiat
608 4218 645 4272 bd
716 4221 744 4292 in
764 4219 864 4289 anima]
882 4220 1063 4274 inanimatum
1082 4219 1144 4275 ML
1161 4221 1346 4274 inanimatab

199 4311 292 4361 tamen
310 4322 362 4361 om.
380 4305 417 4360 Μ
486 4309 537 4361 est.
555 4306 656 4360 Tamen
674 4305 701 4360 V
717 4309 759 4360 est
777 4311 870 4361 tamen
889 4307 910 4361 d
955 4308 990 4362 26
1009 4308 1212 4379 insensualitas]
1231 4309 1347 4364 insensi-

199 4395 294 4450 bilitas
316 4394 344 4449 V
