3159 4950
243 481 306 543 102
596 475 622 528 S.
651 473 789 527 Aureli
818 472 1037 543 Augustini

239 691 393 736 numero
423 675 461 736 et
486 670 651 755 pondere
679 670 927 753 disposuisti,
955 671 1117 750 tamqnam
1151 667 1273 731 dietum
1302 671 1388 732 esset

239 779 284 842 ita
307 778 472 861 disposita,
497 782 535 842 ut
556 778 709 843 haberent
730 777 873 860 proprias
901 793 1066 840 mensuras
1091 793 1165 839 suas
1189 775 1222 838 et
1243 773 1387 856 proprios

238 905 389 951 numeros
414 888 448 950 et
474 886 638 970 proprium
664 885 800 968 pondus,
830 903 910 966 quae
938 883 970 947 in
998 883 1044 948 eis
1072 901 1127 965 pro
1156 881 1206 946 sui
1234 881 1387 962 oniasque

239 992 363 1076 generis
386 992 604 1057 mutabilitate
627 994 836 1067 mutarentur,
861 990 1041 1074 augmentis
1061 993 1093 1053 et
1112 987 1388 1062 diminutionibus,

238 1099 445 1164 multitudine
485 1103 517 1164 et
556 1099 735 1181 paucitate,
777 1097 911 1162 leuitate
949 1099 981 1160 et
1017 1097 1174 1181 grauitate
1213 1094 1389 1160 seeundum
1423 1111 1436 1152 a

238 1204 482 1288 dispositionem
509 1206 580 1270 dei:
608 1204 775 1287 numquid,
804 1204 889 1269 siout
916 1202 979 1268 ista
1006 1205 1180 1279 mutantur,
1209 1202 1255 1266 ita
1282 1202 1388 1283 ipsum

239 1312 289 1377 dei
312 1313 493 1389 eonsilium,
519 1314 551 1376 in
576 1331 638 1394 quo
667 1331 704 1377 ea
732 1310 902 1393 disposuit,
927 1310 1080 1374 mutabile
1104 1309 1268 1374 dicimus?
1302 1327 1391 1372 auer-

238 1418 314 1484 terit
335 1420 404 1502 ipse
431 1424 553 1484 tantam
578 1419 789 1484 dementiam!

285 1529 316 1592 6.
341 1526 422 1592 Cum
447 1547 523 1611 ergo
547 1527 694 1592 haesita
717 1525 968 1609 disponerentur,
992 1527 1030 1588 ut
1050 1523 1203 1588 baberent
1226 1539 1390 1587 mensuras

241 1637 273 1698 et
296 1653 446 1698 numeros
472 1639 505 1698 et
526 1633 665 1715 pondera
689 1653 758 1709 sua,
782 1632 838 1696 ubi
862 1632 1070 1696 secernebat
1094 1631 1164 1714 ipse
1193 1630 1390 1712 disponens?
1411 1645 1438 1684 10

241 1751 342 1821 neque
372 1739 456 1804 enim
487 1744 573 1804 entra
606 1758 640 1803 se
668 1739 785 1822 ipsum,
816 1739 901 1804 siout
929 1738 1086 1803 cernimus
1116 1737 1218 1803 oeulis
1248 1754 1390 1819 corpora,

242 1865 321 1928 quae
353 1845 471 1927 utique
504 1845 644 1910 nondum
678 1848 776 1921 erant,
811 1865 884 1909 eum
917 1845 1167 1926 disponerentur,
1201 1847 1239 1907 nt
1270 1842 1390 1907 fierent.

242 1969 300 2016 nee
327 1951 374 2015 ita
400 1951 483 2015 intra
513 1971 547 2016 se
574 1951 681 2034 ipsum
708 1952 772 2017 ista
800 1951 957 2028 cernebat,
987 1951 1072 2016 siout
1100 1949 1257 2015 cernimus
1287 1949 1391 2012 animo

242 2059 425 2140 phantasias
450 2077 630 2140 corporum,
660 2078 740 2141 quae
768 2077 830 2123 non
858 2060 983 2140 praesto
1012 2060 1088 2122 sunt
1115 2056 1229 2132 oeulis,
1260 2055 1316 2120 sed
1345 2074 1391 2130 ea,

244 2182 324 2244 quae
338 2163 489 2241 uidimus,
505 2165 559 2228 uel
578 2183 614 2227 ex
633 2164 690 2239 eis,
706 2184 787 2246 quae
805 2163 958 2238 uidimus,
977 2161 1180 2247 imaginando
1200 2162 1391 2246 cogitamus.
1413 2185 1439 2224 ιε,

245 2289 308 2352 quo
333 2290 407 2356 ergo
431 2271 525 2336 modo
549 2271 614 2336 ista
637 2271 796 2350 cernebat,
820 2274 858 2335 ut
875 2272 922 2336 ita
941 2271 1146 2353 disponeret?
1171 2287 1243 2351 quo,
1264 2268 1325 2332 nisi
1344 2285 1392 2344 eo,

245 2397 307 2460 quo
330 2379 418 2443 solus
441 2381 577 2461 potest?

291 2486 410 2550 Uerum
438 2490 544 2550 tamen
574 2504 631 2552 nos
658 2486 811 2551 mortales
837 2488 869 2549 et
890 2486 1082 2568 peccatores,
1111 2502 1245 2566 qnorum
1274 2483 1394 2546 animas

246 2591 421 2675 adgrauant
457 2612 588 2676 corpora
625 2592 845 2676 corruptibilia
886 2596 918 2656 et
954 2610 1088 2673 quorum
1125 2610 1255 2655 sensum
1292 2589 1395 2653 multa

247 2699 440 2782 cogitantem
473 2705 598 2764 terrena
630 2701 780 2783 deprimit
811 2700 966 2765 habitatio
994 2738 1037 2747 —
1066 2718 1268 2782 quamquam,
1303 2700 1335 2760 et
1367 2695 1394 2759 si
1413 2720 1442 2757 so

247 2804 341 2870 eorda
358 2806 571 2871 mundissima
591 2809 624 2871 et
641 2810 765 2871 mentes
781 2806 1037 2888 simplicissimas
1057 2824 1238 2891 gereremus
1261 2802 1394 2869 sanetis-

249 2930 310 2993 que
334 2913 456 2997 angelis
479 2914 543 2977 iam
569 2932 712 2978 essemus
735 2914 894 2996 aequales,
918 2932 980 2977 non
1003 2913 1114 2995 utique
1138 2912 1229 2976 nobis
1251 2910 1298 2975 ita
1320 2911 1396 2973 nota

219 3020 337 3083 lasset
360 3018 468 3084 diuina
492 3022 672 3085 substantia
696 3021 874 3104 sicutipse
897 3020 958 3084 sibi
976 3056 1019 3067 -
1037 3023 1143 3083 temen
1165 3019 1261 3082 istam
1281 3014 1396 3081 senarii

248 3126 372 3189 numeri
390 3126 616 3209 perlectionem
636 3146 695 3191 neo
714 3131 800 3191 extra
818 3146 876 3191 nos
894 3127 982 3209 ipsos
1002 3125 1169 3196 cernimus,
1189 3124 1274 3189 siout
1294 3122 1395 3187 oeulis

250 3251 389 3315 corpora,
413 3251 472 3297 neo
494 3233 541 3296 ita
563 3234 645 3297 intra
668 3238 795 3299 nosmet
816 3234 915 3317 ipsos,
940 3232 1205 3315 quemadmodum
1229 3248 1395 3313 corporum
1414 3252 1442 3290 es

340 3461 373 3514 18
392 3460 425 3515 ri.
445 3460 508 3531 Sap.
527 3460 553 3524 9,
574 3462 607 3515 15

287 3587 299 3640 1
320 3584 519 3656 ponderosam
533 3603 593 3655 cap.
608 3604 642 3639 m.
659 3590 685 3649 lt
700 3587 728 3640 P
799 3586 969 3655 disposuisti]
988 3583 1120 3653 disposita
1135 3583 1163 3650 S,
1179 3584 1229 3646 (ita
1242 3582 1274 3635 ia
1285 3586 1352 3641 ros.)
1367 3580 1395 3635 R

250 3678 314 3728 2et
332 3692 383 3729 om.
401 3674 442 3729 Ε1
531 3676 631 3730 baem
654 3692 720 3730 uoce
742 3675 919 3729 multitudine
942 3675 995 3727 iao.
1019 3690 1079 3741 cop.
1098 3672 1151 3726 VII
1165 3673 1195 3726 E
1281 3670 1396 3725 leuitate

250 3778 301 3816 om.
320 3762 358 3815 P²
375 3763 460 3816 lenite
478 3763 519 3818 R1
573 3764 751 3817 lauertatb
806 3762 974 3817 Stantem-2
993 3764 1037 3833 (ou
1056 3778 1091 3815 er.
1110 3767 1136 3815 et
1153 3764 1200 3813 tan
1220 3775 1241 3813 s.
1258 3760 1345 3827 lpas.
1360 3775 1395 3810 m.
1433 3794 1439 3804 .

252 3852 278 3919 1)
297 3850 326 3905 R
397 3851 539 3907 9haeoo.
560 3852 577 3905 l.
596 3868 631 3906 m.
654 3853 665 3905 l
687 3852 715 3907 R
800 3850 1022 3921 disponereturb
1090 3851 1122 3902 ll
1137 3849 1308 3919 postipsum
1330 3846 1395 3901 odd.

252 3939 415 3993 cernebatb
507 3941 540 3993 13
563 3941 604 3993 ita
625 3957 647 3993 a.
672 3942 689 3993 l.
713 3959 747 3995 m.
769 3943 783 3994 1
802 3940 830 3995 R
849 3957 892 3993 om
919 3938 1004 3993 Pde
1075 3939 1139 4008 ista]
1157 3938 1236 3992 itad
1307 3938 1396 3991 animo

252 4028 386 4083 cernimus
400 4028 438 4082 bd
474 4031 509 4082 14
521 4028 652 4083 fantasias
665 4031 697 4084 Ε
758 4036 850 4099 presto
865 4028 917 4083 ES
977 4044 1040 4097 eaor
1056 4028 1083 4082 R
1121 4027 1154 4081 15
1166 4026 1289 4080 uidemus
1303 4022 1396 4079 Pasa

252 4116 554 4172 nel-uidimusom.S
607 4118 732 4172 uidemus
745 4118 829 4173 PR¹b
868 4116 1096 4187 recepturis
1147 4115 1226 4169 modo
1246 4112 1398 4184 ergoPRd

254 4205 287 4259 18
296 4207 400 4274 tamen]
417 4207 499 4259 etiam
510 4206 547 4260 bd
601 4207 633 4260 19
648 4206 847 4277 adgrabantE¹
859 4204 1087 4276 aggrabantPR¹
1140 4204 1173 4257 21
1189 4203 1397 4273 generemnsE¹

254 4294 288 4348 23
307 4310 368 4348 eom
385 4310 452 4348 uoce
469 4298 560 4348 tamen
579 4295 679 4364 incipit
697 4313 757 4364 cap.
777 4296 828 4349 Vll
846 4297 878 4348 ia
896 4296 934 4348 bd
1005 4296 1039 4347 24
1059 4294 1188 4346 neruimes
1202 4292 1240 4345 Ρι
1303 4292 1338 4345 25
1357 4294 1398 4344 ita

255 4398 305 4437 om.
324 4382 404 4437 E¹su
459 4384 693 4452 quemammodum
713 4385 820 4438 EPRS
