3159 4950
213 453 276 517 156
541 451 567 504 S.
596 450 734 505 Aureli
761 449 982 518 Augustini

116 662 117 665 ’
210 666 228 709 a
256 647 372 728 quibus
401 647 433 710 in
462 646 513 710 die
542 645 678 728 septimo
706 645 872 728 requieuit,
903 645 995 708 aliter
1023 644 1093 718 iste,
1123 661 1203 725 quae
1232 661 1268 706 cx
1290 641 1356 706 illis

209 773 310 835 usque
334 772 418 818 nuno
437 757 592 836 oporatur,
612 753 726 817 horum
745 752 842 816 trium
861 751 931 828 hoo,
952 750 1037 833 quod
1056 757 1231 814 extremum
1251 748 1354 830 posui.
1387 827 1389 833 Ι

208 860 300 924 nobis
332 863 505 941 utcumque
539 863 649 922 notum
673 862 733 923 >est
770 877 826 940 per
862 857 1001 950 corporis
1041 875 1152 920 sensus
1192 859 1224 919 et
1261 855 1355 918 huius

208 966 469 1029 consuetudinem
493 965 589 1029 uitae.
614 965 676 1028 duo
700 983 775 1028 uero
800 964 856 1027 illa
878 968 1000 1027 remota
1024 982 1042 1026 a
1066 962 1213 1026 sensibus
1238 961 1355 1026 nostris

209 1076 241 1135 et
268 1074 307 1136 ab
335 1091 396 1136 usu
425 1072 628 1156 cogitationis
661 1071 818 1135 humanae
850 1071 938 1153 prius
968 1089 1003 1148 or
1032 1069 1140 1134 diuina
1167 1069 1355 1134 auctoritate
1387 1085 1401 1125 e

150 1183 153 1186 ’
209 1179 363 1243 credenda
390 1184 474 1255 sunt,
504 1177 617 1242 deinde
644 1178 815 1260 porliaco,
844 1197 924 1260 quae
958 1179 1032 1242 nota
1064 1178 1148 1240 sunt.
1181 1179 1355 1257 utcumque

207 1284 375 1359 noscenda,
405 1287 521 1366 quanto
550 1283 685 1366 quisque
712 1283 816 1366 magis
844 1283 992 1348 minusue
1024 1282 1166 1366 potuerit
1192 1300 1248 1364 pro
1278 1299 1353 1346 suae

143 1464 145 1468 ⁸
207 1391 391 1473 capacitatis
415 1391 509 1456 modo
534 1391 687 1454 diuinitus
712 1390 851 1468 adiutus,
878 1394 913 1454 ut
936 1391 1050 1473 possit.

253 1501 304 1562 13.
333 1499 381 1563 De
414 1497 526 1579 primis
560 1517 634 1581 orgo
667 1497 733 1561 illis
762 1496 880 1560 diuinis
908 1495 1223 1561 incommutabilibus
1257 1497 1354 1558 aetar-

206 1606 319 1688 nisque
341 1606 527 1682 rationibus,
552 1604 702 1686 quoniam
725 1605 796 1687 ipsa
819 1604 869 1668 dei
894 1605 1058 1687 sapientia,
1079 1621 1247 1686 perquam
1271 1602 1355 1666 facta
1374 1618 1400 1656 10

207 1717 282 1778 sunt
310 1714 425 1789 omnia,
448 1712 634 1794 priusquam
666 1712 787 1789 fierent,
821 1731 858 1776 ea
890 1715 1032 1785 nouerat,
1074 1711 1159 1775 sicut
1200 1711 1355 1791 scriptura

142 1849 148 1860 ·
206 1822 356 1883 testatur:
395 1819 431 1881 in
469 1818 658 1901 principio
699 1824 778 1884 erat
814 1819 970 1883 uerbum
1008 1822 1044 1882 et
1081 1819 1235 1882 uerbum
1274 1818 1355 1879 erat

206 1925 303 2008 apud
329 1925 435 1989 deum
457 1929 494 1988 et
513 1925 604 1990 deus
624 1928 702 1990 erat
726 1927 892 1991 uerbum.
919 1926 987 1990 hoo
1012 1928 1091 1990 erat
1109 1926 1144 1989 in
1164 1921 1352 2012 principio

206 2031 304 2112 apud
327 2031 446 2100 deum.
472 2029 595 2094 omnia
616 2049 682 2112 per
704 2031 828 2113 ipsum
851 2031 955 2094 iacta
978 2034 1076 2108 sunt,
1107 2037 1143 2095 et
1167 2030 1247 2094 sine
1270 2029 1352 2111 ipso

205 2139 347 2203 facturn
371 2137 558 2214 estnihil,
588 2136 659 2219 quis
689 2157 762 2221 ergo
792 2141 858 2200 tam
888 2139 930 2202 sit
959 2137 1099 2215 demens,
1123 2136 1398 2202 utdioatnoo1⁵

206 2264 242 2309 ea
274 2245 369 2310 deum
401 2245 527 2321 fecisse,
561 2263 641 2326 quae
673 2248 826 2309 nouerat?
859 2264 950 2326 porro
980 2244 1008 2309 si
1035 2251 1177 2310 nouerat.
1206 2244 1261 2306 ubi
1290 2241 1352 2306 nisi

205 2352 286 2435 apud
310 2371 343 2416 se
366 2353 484 2435 ipsum,
509 2352 593 2434 apud
616 2371 709 2433 quesn
731 2351 862 2416 uerbum
888 2355 964 2430 erat,
984 2371 1039 2434 per
1063 2350 1148 2434 quod
1170 2351 1254 2416 sacta
1277 2355 1353 2415 sunt

205 2461 327 2525 omnia?
351 2480 424 2524 nam
448 2459 475 2523 si
499 2463 584 2523 extra
603 2459 760 2541 seipsum
780 2477 817 2522 oa
836 2463 978 2534 nouerat,
999 2458 1160 2539 quiscum
1181 2455 1351 2523 docuerat?

204 2567 287 2649 quis
321 2568 417 2631 enim
450 2566 633 2649 cognouit
666 2584 817 2629 sensum
855 2565 1018 2630 domini?
1057 2570 1122 2631 aut
1155 2566 1237 2648 quis
1271 2584 1351 2629 oon-

204 2673 377 2737 siliarius
398 2673 480 2736 eius
499 2672 595 2735 fuit?
615 2675 679 2735 aut
696 2671 780 2753 quis
803 2672 905 2755 prior
924 2672 1117 2748 dedititii,
1138 2673 1175 2735 et
1192 2670 1396 2735 recubu-'20

204 2785 288 2843 etur
321 2780 374 2842 ei?
409 2779 582 2859 quoniam
616 2798 656 2841 en
688 2777 770 2860 ipso
806 2783 842 2842 et
874 2798 938 2861 per
974 2779 1097 2861 ipsum
1131 2781 1167 2843 et
1198 2779 1235 2841 in
1269 2778 1350 2860 ipso

203 2884 444 2949 sunt'omnia.

243 2981 444 3071 'Quamquam
465 2993 497 3053 et
516 3008 561 3067 ea,
582 3008 661 3072 quae
680 2994 857 3072 sequuntur
870 2990 901 3054 in
918 2991 1094 3074 euangelio,
1111 2991 1188 3055 satis
1204 2990 1351 3053 adserant
1445 3002 1446 3007 ’

110 3169 112 3172 ,
200 3098 296 3160 istam
324 3095 527 3170 sententiam
552 3096 698 3180 adiungit
726 3097 810 3161 eninr
840 3097 1048 3181 euangelista·
1066 3100 1099 3161 et
1127 3097 1217 3161 dicit:
1252 3095 1350 3178 quod

201 3204 344 3268 factum
370 3204 437 3279 est,
455 3202 498 3266 ⁴in
522 3202 591 3268 illo
615 3204 698 3267 uita
721 3208 788 3281 est,
810 3207 847 3268 ot
864 3204 947 3268 uita
971 3204 1395 3281 e1·atluxh0minum‚a

201 3311 275 3392 quia
302 3310 427 3374 scilicet
452 3310 622 3375 rationales
650 3315 784 3387 mentes,
814 3310 846 3375 in
875 3330 936 3393 quo
970 3329 1084 3394 genere
1118 3311 1212 3375 homo
1245 3308 1348 3374 factus

201 3420 251 3480 est
283 3416 322 3480 ad
354 3416 526 3500 imaginem
559 3415 620 3493 dei,
653 3436 715 3481 non
748 3416 867 3482 habent
894 3436 1003 3481 noram
1030 3418 1135 3482 lucem
1164 3434 1254 3482 suam
1286 3415 1348 3481 nisi

289 3658 399 3711 121011.
421 3659 445 3722 1,
466 3658 534 3713 1-3
590 3660 624 3713 19
642 3660 718 3712 Rom.
742 3662 784 3725 ll,
803 3660 910 3714 34’-36
965 3661 999 3714 24
1019 3660 1076 3715 Ioh.
1099 3662 1123 3725 1,
1143 3663 1168 3715 3.
1187 3664 1204 3714 4

235 3834 320 3903 lque
339 3835 367 3889 R
430 3834 544 3904 2pcsoi
565 3836 618 3902 (sui
636 3853 670 3889 m.
690 3836 707 3889 2
725 3851 747 3889 s.
768 3836 797 3903 l.)
818 3836 847 3889 E
903 3834 1177 3890 4corrsuetudineS
1246 3837 1346 3891 nostris
1459 3832 1462 3839 ’

197 3937 219 3976 s.
240 3922 256 3977 l.
275 3938 309 3976 m.
326 3922 343 3975 1,
356 3922 395 3987 It,v
412 3940 463 3977 om.
478 3922 526 3976 Po
579 3924 810 3993 ocognitionisb
866 3924 999 3994 imagis]
1018 3926 1105 3979 maius
1125 3922 1174 3979 SR
1228 3924 1344 3995 Scapu-

197 4010 287 4064 titatis
313 4010 342 4066 R
445 4016 511 4080 post
543 4011 654 4065 adiutus
687 4012 753 4065 add.
782 4012 897 4067 internis
929 4015 1103 4085 aeternisque
1131 4014 1281 4069 rationibus
1311 4012 1348 4067 dd

199 4101 232 4153 10
256 4116 334 4169 quern
358 4100 386 4155 R
477 4102 509 4155 ll
534 4103 616 4172 sicut]
645 4100 687 4156 sic'
705 4102 780 4158 PRo
811 4118 862 4155 om.
887 4102 911 4157 S
1000 4106 1034 4159 13
1063 4110 1102 4173 (et
1131 4108 1175 4175 14)
1203 4112 1270 4176 aput
1292 4106 1348 4161 ΕΡ

199 4190 230 4241 17
249 4192 316 4258 aput
335 4190 405 4255 (bis)
424 4190 493 4243 E¹P
573 4208 602 4244 se
621 4208 672 4245 om.
692 4191 785 4246 Pano
858 4192 890 4245 19
910 4194 989 4248 nouit
1006 4194 1046 4249 E¹
1119 4194 1153 4249 20
1172 4195 1230 4249 eius
1249 4212 1299 4249 om.
1319 4196 1350 4249 Ε

198 4281 246 4330 ant
272 4293 322 4331 om.
351 4278 458 4332 EPRS
571 4280 605 4333 23
634 4283 765 4349 sequntur
793 4280 823 4335 E
849 4286 977 4337 secuntur
1006 4283 1029 4338 S
1152 4284 1279 4339 adserunt
1306 4284 1345 4339 Ε1

197 4368 231 4419 24
251 4366 365 4419 sentiam
384 4368 425 4420 E¹
