3159 4950
431 456 473 510 de
501 457 645 511 Genesi
673 457 717 511 ad
743 457 924 512 litteram
954 459 1101 513 libllll.
1268 464 1330 526 129

182 654 318 718 sonasse
355 671 411 734 per
446 655 624 734 temporum
661 653 777 731 uieee,·
800 653 856 718 sed
893 659 1009 728 tamen,
1048 657 1201 736 quantum
1242 657 1331 738 puto,

181 759 377 844 significans,
405 758 481 841 qnid
509 759 578 823 sine
610 762 790 842 temporum
824 759 950 826 uicibus
984 765 1131 844 ageretur
1159 761 1190 824 in
1218 762 1330 842 patria,

182 866 273 930 cuius
295 865 506 949 peregrinatio
530 866 718 948 suspirabat.

226 975 280 1039 31.
305 972 367 1038 Sed
390 971 555 1054 numquid,
575 973 603 1036 si
622 972 685 1036 ianr
704 991 787 1037 nunc
808 973 904 1038 simul
923 973 986 1036 ista
1006 972 1109 1036 omnia
1132 974 1214 1056 gerit
1236 977 1331 1056 atque

149 1079 277 1144 ababet
300 1080 444 1162 angelica
466 1079 521 1142 illa
544 1078 681 1144 societas
701 1083 733 1144 et
750 1079 856 1144 unitus
881 1078 954 1157 diei,
980 1097 1073 1160 quern
1092 1079 1239 1161 primitus
1260 1099 1332 1144 con-

183 1185 264 1250 didit
295 1185 385 1260 deus,
417 1189 494 1250 tuno
526 1185 623 1250 etiam
655 1204 728 1250 oum
760 1185 840 1252 haec
873 1184 1083 1251 conderentur
1119 1185 1216 1250 simul
1254 1187 1331 1250 haec

182 1292 315 1358 habuit?
338 1311 441 1356 nonne
464 1311 521 1374 per
543 1311 652 1356 onrnes
677 1311 731 1357 ser
754 1293 834 1371 dies,
855 1313 927 1357 cum
948 1311 992 1366 ea,
1014 1311 1093 1376 quae
1112 1311 1167 1376 per
1187 1293 1331 1373 singulos

182 1399 240 1464 deo
274 1397 409 1463 condere
441 1399 572 1480 placuit,
607 1399 825 1477 conderentur,
858 1399 957 1483 prirno
993 1401 1070 1464 baec
1103 1399 1279 1482 accipiebat
1300 1399 1332 1463 in

181 1506 279 1570 uerbo
303 1505 365 1580 dei,
389 1505 480 1569 utin
504 1506 573 1570 eius
598 1506 712 1570 notitia
734 1507 883 1590 primitus
911 1507 1031 1572 fierent.
1056 1525 1129 1572 cum
1154 1506 1331 1572 dicebatur:

140 1636 167 1672 ιο
183 1616 220 1676 et
242 1612 298 1677 sic
321 1612 554 1687 estfactum,
580 1611 703 1686 deinde,
733 1631 805 1676 curn
835 1614 918 1678 sacta
943 1619 1050 1678 essent
1071 1613 1104 1678 in
1128 1633 1186 1678 sua
1208 1613 1333 1697 propria

183 1724 304 1797 natura,
329 1721 499 1801 quaeunt,
524 1718 645 1801 deoque
669 1720 877 1802 placuissent,
898 1721 972 1802 quia
990 1721 1072 1784 bona
1090 1723 1172 1798 snut,
1197 1725 1273 1785 tunc
1297 1739 1333 1784 ea

182 1826 293 1892 itidem
327 1825 541 1909 cognoscebat
571 1826 635 1890 alia
666 1825 803 1908 quadam
840 1827 986 1893 inferiore
1026 1828 1215 1912 cognitione,
1253 1847 1333 1910 quae

183 1934 310 1998 nomine
333 1951 486 2014 nesperae
509 1931 688 2016 significata
711 1937 761 1997 est
783 1951 821 1998 ac
845 1935 956 1998 deinde
980 1935 1064 2000 iacta
1087 1954 1220 2018 uespera
1238 1934 1335 2000 fiebat

183 2060 374 2118 monacum
397 2039 435 2104 de
454 2058 513 2104 suo
534 2058 626 2122 opere
646 2039 724 2105 deus
744 2041 927 2106 laudaretur
955 2047 988 2106 et
1007 2042 1137 2106 alterius
1162 2045 1332 2118 creaturae,

137 2167 165 2204 aa
184 2167 264 2230 qnae
293 2147 443 2230 deinceps
471 2147 613 2210 facienda
641 2149 718 2224 erat,
743 2166 779 2211 er
804 2147 853 2212 dei
878 2148 974 2212 uerbo
1003 2147 1126 2224 notitia,
1149 2149 1333 2230 priusquam

183 2253 283 2329 tieret,
316 2253 532 2335 acciperetur?
564 2271 626 2318 non
659 2272 734 2338 ergo
766 2257 844 2318 tuno
877 2255 973 2319 simul
1006 2255 1121 2330 omnia,
1151 2257 1182 2318 et
1211 2253 1278 2318 dies
1303 2257 1334 2318 et

184 2379 317 2441 uespera
337 2362 488 2436 eburone,
510 2359 566 2423 sed
590 2359 778 2444 singillatim
803 2380 858 2442 per
881 2360 1033 2437 ordinem,
1059 2379 1153 2443 quern
1177 2360 1334 2442 scriptura

184 2470 422 2533 conuneurorat.

229 2576 283 2638 32.
307 2575 356 2637 An
385 2574 586 2638 etiamtunc
614 2574 711 2638 simul
739 2574 854 2649 omnia,
885 2574 1032 2656 quoniam
1065 2594 1126 2639 non
1157 2573 1332 2639 secundum

133 2708 166 2745 eo
185 2686 365 2763 temporum
387 2698 504 2758 moras,
529 2680 614 2745 sicut
640 2680 721 2744 fiunt
749 2680 817 2745 dies
846 2681 911 2759 isti,
936 2700 1008 2746 curn
1037 2680 1138 2747 oritur
1161 2684 1193 2745 et
1217 2680 1335 2747 occidit

184 2788 235 2851 sol
258 2788 344 2851 etin
366 2788 473 2852 locum
497 2806 593 2851 snum
617 2787 708 2864 redit,
732 2794 771 2851 ut
793 2807 902 2853 rursus
928 2788 1056 2865 oriatur,
1077 2788 1134 2853 sed
1158 2788 1338 2853 secundum.

184 2894 361 2976 potentiam
392 2893 568 2976 spiritalem
600 2894 715 2958 mentis
748 2895 909 2978 angelicae
947 2898 1062 2960 cuncta
1090 2914 1169 2977 quae
1196 2894 1335 2959 uoluerit

184 3000 283 3065 simul
310 2999 424 3064 notitia
451 3000 604 3065 facillima
632 3000 926 3083 conprehendente?
959 3021 1017 3067 nec
1040 3002 1112 3067 ideo
1136 3004 1241 3065 tannen
1265 3000 1334 3065 sine

184 3106 304 3181 ordine,
342 3124 403 3188 quo
440 3106 570 3189 adparet
607 3107 736 3173 conexio
772 3106 1030 3188 praecedentium
1069 3107 1334 3191 sequentiumque

132 3240 166 3280 oa
185 3232 364 3279 causarum.
388 3232 491 3295 neque
515 3215 599 3277 enim
624 3214 763 3298 cognitio
792 3214 860 3277 fieri
888 3215 1005 3296 potest,
1029 3214 1089 3279 nisi
1115 3211 1334 3299 cognoscenda

184 3320 390 3402 praecedant:
419 3338 500 3402 quae
527 3320 606 3384 item
633 3320 738 3402 priora
766 3324 841 3385 sunt
868 3319 901 3383 in
931 3320 1038 3396 uerbo,
1062 3338 1118 3403 per
1141 3318 1226 3401 quod
1250 3320 1335 3383 facta

184 3430 261 3491 sunt
294 3426 409 3505 omnia,
443 3444 538 3507 quarn
570 3426 602 3489 in
634 3426 696 3503 his,
730 3425 921 3508 quaefacta
950 3429 1034 3503 sunt,
1061 3426 1219 3491 omnibns.
1244 3444 1333 3490 ruens
1433 3498 1438 3517 Ι

220 3669 238 3721 2
260 3670 436 3737 perageretur
455 3668 470 3720 b
562 3668 578 3722 3
602 3670 689 3738 cuius]
714 3669 836 3735 cuipeiue
860 3669 885 3741 (e
907 3671 939 3722 in
960 3672 1030 3735 rae.)
1050 3668 1079 3722 P
1100 3669 1143 3722 cui
1167 3669 1224 3723 eins
1249 3666 1337 3722 SRbd

185 3758 203 3811 5
221 3755 271 3810 illa
289 3756 413 3826 angelica
432 3756 456 3811 S
517 3759 532 3810 7
552 3757 611 3812 dies
631 3759 719 3813 serd'
778 3760 795 3814 8
816 3759 996 3813 conderentur
1015 3758 1075 3827 (alt.
1095 3776 1112 3811 n
1130 3774 1152 3812 c.
1174 3758 1191 3812 1.
1211 3774 1245 3811 na.
1267 3758 1290 3825 l)
1310 3758 1338 3810 P

183 3845 280 3900 bacam
298 3847 358 3912 (aec
375 3846 407 3899 in
425 3854 494 3910 rae.)
512 3846 542 3902 R
559 3848 604 3901 hic
623 3847 639 3901 b
713 3849 745 3902 11
767 3865 837 3918 quae
855 3848 886 3903 Ε
964 3848 1086 3917 deoqupe
1105 3846 1136 3901 E
1152 3846 1202 3901 deo
1222 3862 1291 3916 quae
1310 3846 1338 3898 P

185 3934 283 3988 itidem
301 3949 334 3987 ea
353 3933 391 3987 bd
499 3937 531 3989 12
552 3936 736 4006 cognoscebat
753 3938 781 3991 P
799 3936 999 4007 cognoscebant
1018 3936 1045 3991 R
1136 3936 1169 3989 13
1188 3950 1300 4006 uespere
1320 3934 1335 3988 b

183 4040 219 4077 ac
236 4022 333 4078 oneS
421 4025 454 4079 14
477 4024 543 4079 dens
566 4042 648 4095 opere
667 4024 782 4080 PRde
870 4025 1027 4080 laederetur
1045 4024 1078 4079 8¹
1170 4024 1202 4077 16
1220 4023 1292 4078 fierit
1309 4023 1338 4077 P

186 4113 280 4167 omnia
297 4112 421 4167 simulS
509 4114 543 4167 17
562 4114 610 4168 sed
629 4128 650 4169 a.
671 4115 689 4167 1.
708 4132 743 4169 m.
763 4117 779 4169 1
799 4114 826 4169 R
918 4110 1337 4185 19qu0niam1qniaPRSod

184 4200 222 4254 20
236 4200 351 4255 iieutE¹
401 4208 468 4270 poet
481 4203 567 4257 oritur
581 4202 647 4257 odd.
659 4220 694 4256 m.
710 4205 726 4258 2
740 4220 761 4259 a.
778 4204 795 4259 1.
812 4203 952 4259 cotidieE
1021 4203 1190 4258 oritursclb
1227 4200 1261 4256 22
1277 4218 1337 4255 com

180 4289 339 4360 spiritalem
352 4290 408 4344 inc.
423 4307 484 4359 cop.
500 4290 573 4345 XXV
587 4291 618 4345 E
669 4292 705 4347 ‘23
719 4292 973 4363 conpraehendente
987 4292 1094 4348 EPRS
1106 4290 1336 4363 comprehenden-

184 4379 292 4433 tembd
327 4380 550 4450 2letapparetb
601 4382 728 4436 connexio
739 4382 777 4437 bd
825 4382 1128 4453 consequentiumqueb
1165 4382 1199 4436 27
1210 4380 1264 4450 bis]
1273 4378 1338 4433 iisd

240 4504 345 4545 ιιιιιι.
361 4504 422 4553 nug.
437 4507 494 4544 sect.
508 4506 543 4544 ιιι
557 4516 610 4555 pm
625 4510 645 4547 1.
1232 4486 1248 4539 9
