3159 4950
561 486 817 557 inperfectus
845 485 958 541 liber.
1266 490 1328 554 491

188 681 383 749 adcubes.
408 681 489 747 nihil
512 682 596 746 enim
621 684 672 747 est
694 681 817 748 firmius
841 684 873 747 et
896 682 1039 747 serenius
1064 682 1207 748 ueritate.
1232 683 1332 747 nubes

187 790 294 852 autem
322 786 381 851 sub
409 786 473 851 ista
500 786 707 852 sincerissimi
734 788 816 853 aeris
843 786 971 872 regione
999 790 1215 854 concrescunt.
1249 785 1334 871 quod

187 912 378 977 quamquam
409 892 544 978 figurate
577 893 699 959 dictum
732 895 917 977 accipiatur,
950 914 987 959 ex
1018 894 1068 959 his
1099 896 1206 959 tamen
1237 894 1333 959 rebus

187 1003 329 1065 sumtum
363 1001 423 1075 est,
457 1018 536 1083 quae
569 999 688 1065 habent
715 1000 754 1065 ad
783 1001 862 1066 haec
889 1001 1047 1085 quandam
1079 1000 1333 1080 similitudinem,

156 1112 223 1176 aut
246 1124 396 1191 corporee
419 1110 562 1171 creatura
586 1106 780 1173 constantior
804 1111 837 1173 et
858 1108 975 1191 purior,
1003 1126 1084 1191 quae
1107 1127 1126 1172 a
1148 1108 1334 1173 summitate

188 1214 267 1278 caeli
303 1232 404 1297 usque
442 1212 482 1277 ad
518 1213 619 1279 nubes
656 1217 715 1291 est,
753 1213 899 1279 dentatis
936 1214 1069 1299 figuram
1101 1218 1187 1281 recte
1219 1213 1334 1279 habere

187 1319 343 1397 uideatur,
371 1318 404 1383 id
432 1322 482 1385 cst
508 1339 610 1402 usque
639 1318 680 1385 ad
703 1338 808 1385 aerem
832 1320 1043 1405 caliginosum
1066 1325 1098 1386 et
1119 1322 1333 1405 procellosum

188 1430 221 1491 st
243 1426 422 1491 humidum.
456 1446 531 1510 ergo
556 1426 701 1492 dolatilia
724 1426 868 1493 uolantia
891 1446 987 1511 super
1010 1432 1126 1493 terram
1149 1428 1209 1494 sub
1231 1426 1333 1491 firma·

187 1536 294 1599 mento
326 1533 406 1599 caeli
438 1534 662 1600 conuenienter
690 1536 765 1599 sunt
792 1534 884 1619 aquis
912 1534 1083 1612 adtributa,
1107 1533 1266 1618 quianon
1288 1535 1334 1599 in-

144 1667 169 1707 co
188 1640 413 1706 conuenienter
444 1660 497 1705 aer
528 1640 590 1706 iste
624 1660 707 1725 aqua
738 1641 927 1707 nominatur.
962 1641 1035 1708 hinc
1067 1641 1163 1706 etiam
1190 1641 1337 1725 intellegi

188 1747 281 1811 datur
313 1746 351 1811 de
384 1766 454 1812 aare
487 1746 567 1812 nihil
601 1766 671 1814 esse
704 1747 836 1825 dictum,
870 1747 1030 1831 quomodo
1054 1748 1108 1812 uel
1131 1747 1255 1831 quando
1293 1747 1337 1813 sit

187 1853 302 1931 factus,
336 1853 410 1937 quia
441 1854 503 1919 iste
536 1873 589 1919 aer
620 1855 748 1920 nomine
782 1872 936 1937 aquarum
967 1858 1103 1932 tenetur,
1140 1853 1196 1919 ille
1228 1856 1334 1919 autem

187 1959 314 2025 nomine
350 1960 553 2037 firmamenti;
592 1966 688 2044 atque
723 1962 769 2025 ita
806 1962 931 2026 nullum
968 1962 1161 2027 elementum
1197 1964 1335 2044 praeter-

189 2066 323 2131 missum
347 2070 406 2133 est.

145 2202 171 2242 aa
235 2172 298 2239 Sed
334 2174 470 2239 fortasse
507 2174 579 2259 quis
617 2174 716 2241 dieat:
756 2176 785 2239 si
817 2194 853 2239 eo
887 2174 972 2257 quod
1004 2174 1125 2241 dictum
1158 2177 1221 2239 est:
1256 2193 1334 2239 eon-

189 2284 369 2365 gregatur
391 2300 494 2365 aqua,
514 2282 732 2365 intellegimus
755 2301 871 2366 aquam
894 2300 965 2347 esse
987 2282 1104 2347 factam
1127 2300 1164 2345 er
1184 2282 1242 2347 illa
1264 2300 1335 2348 cou-

145 2388 151 2398 '
187 2386 311 2453 fusione
334 2388 496 2467 materiae,
519 2388 601 2455 hanc
624 2392 732 2455 autem
756 2388 1033 2475 congregationem
1056 2407 1141 2453 mare
1164 2388 1339 2472 appellauit

189 2497 277 2574 deus,
302 2496 459 2580 quomodo
482 2497 529 2562 ibi
551 2516 723 2578 possumus
751 2497 836 2561 hunc
860 2515 964 2562 aerem
991 2496 1177 2580 intellegere
1204 2495 1334 2575 factum,

189 2602 272 2686 quod
295 2621 382 2668 mere
404 2622 467 2668 non
491 2603 617 2682 dicitur,
637 2605 734 2669 etiam
752 2603 781 2669 si
800 2621 882 2686 aqua
900 2602 963 2668 dici
981 2605 1108 2686 potest?
1132 2603 1336 2685 quamobrem

144 2737 171 2776 so
189 2709 269 2774 mihi
297 2709 426 2775 uidetur·
452 2710 484 2774 in
513 2727 560 2786 eo,
591 2709 676 2792 quod
700 2709 909 2779 dictumest:
935 2710 1114 2793 adpareat
1136 2709 1248 2786 arida,
1273 2729 1335 2776 non

189 2817 294 2882 solum
326 2817 465 2898 speciem
498 2819 598 2882 terrae
632 2816 688 2882 sed
717 2817 813 2882 etiam
841 2817 937 2882 huius
966 2816 1045 2882 aeris
1074 2815 1237 2882 crassioris
1264 2835 1335 2882 esse

187 2923 390 2989 insinuatam.
423 2941 480 3004 per
510 2922 594 2988 hunc
627 2923 712 2988 enim
743 2927 828 2988 terra
858 2922 1076 2999 inluminatur,
1106 2926 1143 2988 ut
1169 2924 1336 3006 perspicua

188 3029 278 3095 nobis
312 3029 364 3098 sit.
396 3029 429 3093 in
461 3049 525 3096 uno
558 3049 632 3115 ergo
665 3030 772 3106 uerbo,
807 3051 869 3114 quo
897 3029 1018 3097 dictum
1047 3034 1111 3095 est:
1145 3029 1334 3113 adpareat,

186 3136 333 3201 intimata
355 3140 431 3202 sunt
454 3137 568 3214 omnia,
592 3138 661 3204 sine
685 3137 802 3220 quibus
825 3138 974 3220 adparere
996 3157 1059 3205 non
1081 3142 1205 3221 posset3
1229 3137 1263 3202 id
1286 3141 1336 3204 est

142 3269 170 3309 aa
188 3246 221 3308 ct
248 3242 371 3327 species
400 3243 469 3308 sius
498 3246 531 3310 et
557 3243 688 3310 nudatio
717 3245 756 3310 ab
785 3246 877 3328 aquis
901 3247 934 3310 et
956 3244 1037 3310 aeris
1065 3243 1256 3328 superfusio,
1279 3263 1336 3326 per

188 3367 282 3431 quem
305 3349 338 3413 in
362 3367 399 3414 ea
420 3351 527 3415 lumen
552 3370 571 3416 a
593 3350 755 3433 superiore
779 3351 891 3416 mundi
913 3353 1002 3435 parte
1025 3350 1262 3415 transmittitur.
1295 3369 1334 3414 an

187 3456 295 3537 potius
313 3456 345 3520 in
366 3475 412 3534 eo,
433 3457 518 3539 quod
538 3457 693 3541 scriptum
717 3460 780 3523 est:
806 3461 1060 3544 congregetur
1083 3476 1186 3540 aqua,
1211 3457 1333 3539 species

187 3561 284 3643 huius
317 3563 398 3628 aeris
431 3564 681 3643 commendetur,
715 3564 789 3647 quia
820 3565 883 3630 iste
915 3583 968 3630 aer
1004 3582 1077 3629 cum
1114 3562 1332 3640 condensatur,

187 3668 268 3734 hano
292 3687 406 3752 aquam
430 3669 558 3735 uidetur
581 3669 725 3736 efficere?
749 3670 945 3736 coactionem
967 3671 1075 3754 itaque
1093 3668 1125 3734 in
1145 3669 1333 3736 densitatem

224 3861 423 3931 3accipiturb
497 3863 549 3918 hiis
569 3863 629 3920 ML
718 3865 891 3935 4sumtum]
914 3865 1043 3936 scriptum
1063 3865 1162 3920 MLod
1233 3867 1329 3920 tcon-

188 3952 292 4005 stanoio
311 3949 338 4004 L
428 3969 513 4007 acm.
538 3953 599 4008 VM
667 3956 745 4009 test
763 3971 798 4020 ne
817 3954 880 4022 (del.
899 3972 933 4008 m.
952 3960 968 4009 1
985 3960 1011 4010 et
1029 3958 1058 4019 2)
1078 3955 1116 4009 M
1219 3971 1334 4024 proceru

187 4038 403 4110 procellosumL
452 4041 585 4096 9tributa
599 4042 626 4097 V
694 4042 938 4112 inoouenienterL
988 4044 1020 4098 11
1042 4042 1144 4096 dictum
1162 4058 1221 4096 esse
1235 4041 1335 4096 MLbd

189 4128 222 4181 12
241 4127 343 4185 factum
368 4128 394 4182 V
462 4133 737 4200 aquarum-nomine
757 4148 808 4188 om.
827 4131 865 4186 M
930 4132 963 4187 18
982 4132 1048 4186 deus
1067 4147 1117 4185 om.
1136 4130 1197 4185 ML
1265 4129 1332 4185 aee

187 4219 261 4270 terra
278 4217 316 4272 M
367 4218 401 4272 23
422 4218 494 4288 quod
510 4219 536 4272 V
588 4221 622 4274 24
641 4221 760 4292 potestb
815 4220 850 4275 ⁶25
872 4221 960 4292 aquis]
981 4219 1079 4290 aliquis
1094 4219 1131 4273 M
1180 4218 1332 4288 2dlumen]

186 4307 319 4360 nornend
374 4307 409 4362 28
429 4323 488 4362 cum
507 4309 559 4362 iste
578 4325 625 4362 aer
643 4309 680 4362 bd
751 4309 881 4363 densetur
903 4309 930 4362 V
945 4309 1074 4364 densatur
1092 4306 1152 4362 ML
1211 4307 1246 4362 2⁹
1265 4324 1332 4377 quo·

188 4393 322 4448 actionem
346 4395 372 4449 V
440 4396 469 4450 in
488 4396 662 4467 densitatem]
681 4397 869 4452 intensitatem
891 4397 916 4452 V
