3159 4950
277 520 343 585 478
435 516 460 571 S.
485 518 604 571 Aureli
627 516 812 588 Augustini
835 517 873 572 de
897 516 1021 573 Genesi
1044 518 1084 573 ad
1106 518 1256 574 litteram

325 714 354 780 7.
379 714 425 779 Et
455 713 558 779 facta
591 716 650 779 est
681 732 842 797 uespera
873 717 910 780 et
941 715 1083 780 factum
1117 716 1176 780 est
1206 734 1311 781 mane
1345 716 1425 781 dies

279 839 385 885 unus.
423 839 484 886 non
523 820 633 886 eodem
671 820 766 887 modo
804 840 888 886 nunc
925 821 1104 905 appellatur
1141 821 1219 899 dies,
1257 840 1320 905 quo
1353 841 1425 887 cum

279 926 449 993 diceretur:
475 929 511 992 et
535 927 693 993 uocauit
715 927 808 992 deus
831 928 957 993 lucem
981 926 1089 1005 diem,
1109 926 1167 993 sed
1182 946 1219 993 eo
1238 929 1343 1004 modo,
1363 946 1424 1012 quo

279 1032 416 1099 dicimus
439 1034 528 1098 uerbi
552 1034 656 1117 gratia
678 1032 811 1118 triginta
833 1032 901 1099 dies
925 1033 1039 1098 habere
1069 1053 1226 1099 mensem:
1258 1034 1310 1101 hic
1342 1035 1425 1100 enim

279 1140 405 1227 nomine
438 1139 500 1205 diei
532 1143 642 1204 noctes
674 1158 799 1223 quoque
831 1138 1041 1217 includimus;
1075 1140 1222 1223 superius
1252 1144 1359 1205 autem
1380 1142 1426 1207 itu
1456 1174 1473 1215 ὁ

279 1245 384 1311 dictus
418 1250 468 1312 est
500 1245 578 1323 dies,
611 1248 647 1309 ut
680 1263 698 1309 u
729 1248 823 1311 nocte
856 1244 1086 1331 seiungeretur.
1126 1246 1233 1328 itaque
1265 1266 1339 1311 cum
1370 1248 1426 1311 illa

280 1352 419 1436 operatio
440 1350 491 1416 dei
509 1370 565 1435 per
587 1352 692 1417 lucem
711 1354 804 1436 gesta
820 1352 1044 1430 insinuaretur,
1064 1356 1294 1435 consequenter
1311 1352 1427 1419 dicitur

279 1458 395 1524 iactam
428 1477 499 1524 osse
531 1477 698 1542 uesperam
731 1461 764 1523 et
786 1458 906 1527 factum
930 1478 1001 1525 esse
1024 1478 1116 1526 mane
1140 1480 1239 1525 uuum
1266 1460 1361 1538 diem,
1390 1463 1427 1524 nt

281 1564 324 1630 sit
356 1565 479 1631 scilicet
510 1584 593 1629 unus
622 1564 689 1629 dies
713 1583 732 1628 a
755 1567 867 1649 coepto
896 1564 947 1630 die
970 1584 1073 1649 usque
1096 1566 1136 1630 ad
1158 1569 1308 1650 coeptum
1333 1566 1424 1646 diem,

280 1670 314 1735 id
346 1676 396 1736 est
419 1691 437 1736 a
459 1690 551 1736 mane
584 1689 686 1755 usque
720 1670 759 1735 ad
782 1690 885 1747 mane,
910 1672 1021 1755 quales
1045 1671 1113 1738 dies
1142 1672 1367 1749 adnumeratis,
1390 1675 1427 1737 ut
1446 1698 1474 1738 ro

282 1776 355 1855 dixi,
380 1778 528 1844 noctibus
551 1779 761 1861 appellamus.
786 1777 844 1843 sed
867 1777 1027 1861 quomodo
1050 1778 1135 1843 iacta
1162 1781 1213 1845 est
1237 1798 1374 1862 uespera
1396 1783 1428 1844 et

281 1885 401 1950 facturn
435 1889 485 1952 est
512 1890 625 1951 mane?
658 1905 697 1951 an
720 1888 810 1951 tanta
831 1904 921 1951 mora
942 1887 1097 1968 temporis
1120 1886 1198 1952 fecit
1219 1886 1326 1951 lucem
1349 1886 1426 1951 deus

283 1996 316 2055 et
338 1991 451 2057 diuisit
472 1992 555 2058 inter
576 1992 682 2057 lucem
707 1995 740 2057 et
762 1993 920 2072 tenebras,
944 1996 1063 2075 quanta
1084 2012 1173 2057 mora
1194 1992 1337 2057 tenditur
1360 1992 1426 2057 dies

281 2099 403 2176 lucens,
420 2098 452 2163 id
472 2102 601 2165 estnon
621 2098 828 2165 adnumerata
846 2103 959 2166 nocte?
979 2105 1012 2166 et
1029 2100 1085 2165 ubi
1104 2100 1255 2183 estquod
1274 2099 1427 2183 scriptum

284 2206 348 2269 est:
374 2206 507 2271 subest
531 2206 627 2270 enim
650 2205 734 2285 tibi,
759 2224 840 2271 cum
863 2208 971 2272 uoles
994 2226 1117 2289 posse,
1134 2207 1169 2273 si
1192 2226 1273 2290 opus
1296 2209 1348 2271 est
1369 2205 1426 2271 deo
1446 2230 1473 2271 rr

283 2310 489 2396 productione
517 2313 681 2397 temporis,
710 2317 748 2379 ut
774 2314 895 2397 aliquid
917 2313 1080 2398 perficiat?
1108 2333 1148 2379 an
1171 2313 1277 2380 omnia
1300 2312 1428 2398 quidem

163 2442 168 2451 ·
283 2422 444 2502 tamquam
477 2419 509 2485 iu
543 2423 608 2486 arte
641 2422 736 2504 utque
769 2420 891 2487 ratione
923 2421 1065 2504 perfecta
1097 2423 1172 2487 sunt
1203 2420 1262 2486 deo
1302 2438 1364 2485 non
1396 2418 1428 2485 iu

282 2525 489 2609 productione
522 2527 685 2612 temporis,
710 2527 766 2594 sed
797 2527 830 2592 in
862 2527 933 2610 ipsa
954 2529 999 2608 ui,
1023 2547 1104 2612 quae
1135 2527 1208 2593 illas
1241 2527 1336 2592 etiam
1366 2545 1427 2601 res,

284 2652 362 2715 quas
393 2651 455 2698 non
480 2635 563 2698 stare
588 2633 645 2698 sed
667 2635 802 2700 transire
826 2635 996 2714 cemimus,
1020 2634 1180 2700 stabiliter
1211 2634 1335 2700 efficit?
1366 2650 1428 2698 non

285 2739 368 2802 enim
393 2743 426 2803 et
449 2740 479 2803 in
505 2758 649 2805 sermone
673 2744 792 2819 nostro,
817 2760 889 2806 cum
912 2742 1012 2806 uerba
1038 2742 1100 2806 alia
1127 2743 1289 2805 transeant
1312 2743 1346 2805 et
1367 2739 1471 2805 aliero

285 2846 466 2925 succedant,
496 2845 646 2911 credibile
680 2849 727 2912 est
761 2846 807 2911 ita
838 2845 907 2911 fieri
933 2845 964 2911 in
994 2849 1060 2911 arte
1088 2847 1255 2930 ipsaque
1281 2847 1429 2929 operante

285 2953 443 3018 stabiliter
465 2951 636 3017 artificiosa
659 2953 797 3018 occurrit
819 2952 931 3018 oratio.
956 2971 1148 3036 quamquam
1172 2971 1246 3037 ergo
1270 2952 1338 3018 sine
1361 2969 1429 3034 pro·

286 3059 434 3124 ductione
466 3059 619 3143 temporis
651 3059 748 3124 iaciat
780 3059 869 3137 deus,
899 3060 951 3124 cui
978 3060 1091 3125 subest
1112 3077 1206 3143 posse
1234 3077 1307 3124 cum
1331 3059 1429 3133 uolet,

284 3166 373 3250 ipsae
396 3169 502 3230 tamen
526 3169 656 3230 naturae
680 3167 871 3249 temporales
895 3170 1003 3231 motus
1027 3184 1103 3230 suos
1122 3165 1341 3249 temporaliter
1362 3183 1429 3247 per·

286 3275 396 3358 agunt.
420 3271 467 3337 ita
489 3291 563 3357 ergo
587 3271 721 3338 fortasse
746 3271 868 3336 dictum
892 3273 955 3336 est:
990 3274 1026 3336 et
1057 3271 1160 3336 facta
1190 3275 1247 3337 eat
1269 3288 1471 3354 uesperam

286 3383 323 3444 et
354 3379 496 3443 factum
524 3383 583 3443 est
608 3371 712 3443 ma'ne
741 3377 823 3443 dies
852 3397 958 3457 unus,
987 3377 1073 3442 sicut
1094 3377 1216 3442 ratione
1237 3376 1430 3460 prospicitur

285 3486 331 3552 ita
358 3486 426 3551 fieri
453 3485 566 3551 debere
595 3489 650 3550 aut
677 3504 781 3568 posse,
806 3504 868 3550 non
891 3484 946 3563 ita,
970 3487 1007 3548 ut
1029 3484 1066 3548 fit
1087 3483 1239 3566 temporis
1262 3482 1428 3548 metibus.

288 3611 359 3658 nam
376 3611 438 3658 nou
455 3592 557 3675 ipsam
571 3591 725 3656 rationem
738 3590 955 3674 operationum
967 3590 1201 3672 contemplatus
1216 3589 1306 3654 estin
1317 3589 1429 3673 spiritu

377 3785 390 3838 l
412 3782 479 3838 Gen.
500 3783 523 3847 l,
542 3783 560 3836 6
616 3783 649 3836 15
669 3781 730 3851 Sep.
751 3781 793 3846 12,
815 3779 848 3836 18

322 3889 463 3960 teodem]
483 3889 556 3944 eoV
604 3887 706 3943 3deus
725 3886 816 3942 om.L
865 3886 952 3941 4hoc
970 3886 1015 3942 Vd
1062 3888 1139 3941 orta
1156 3886 1223 3953 depp
1236 3886 1284 3941 11¹
1338 3885 1427 3956 idei]

287 3977 380 4034 dieid
459 3975 559 4032 iactam
578 3976 678 4031 dicitur
695 3976 760 4030 Lod
849 3975 943 4030 Serae
962 3975 1003 4029 tia
1022 3990 1074 4029 om.
1097 3975 1123 4028 V
1201 3975 1272 4029 diem
1290 3991 1375 4029 unum
1394 3973 1431 4028 od

286 4069 304 4122 9
322 4067 428 4122 seilicet
445 4068 483 4121 sit
499 4065 599 4121 MLbd
688 4083 704 4120 a
722 4067 830 4136 coepto]
850 4067 962 4135 accepto
985 4064 1011 4118 V
1027 4067 1135 4135 arepto
1154 4069 1180 4132 (c
1192 4080 1286 4134 poem
1302 4067 1387 4129 eran)
1407 4063 1433 4118 T

289 4157 322 4211 14
346 4156 537 4210 enumeratab
598 4153 631 4209 15
651 4155 683 4225 si]
703 4155 755 4209 sibi
779 4153 806 4209 V
864 4153 897 4208 16
915 4153 1039 4225 proficiat
1056 4153 1100 4208 Lo
1159 4153 1193 4208 17
1212 4153 1242 4207 in
1259 4153 1308 4222 fita
1326 4169 1378 4208 orn.
1396 4151 1433 4207 Μ

288 4245 322 4299 18
341 4261 395 4315 qua
413 4244 450 4298 bd
491 4245 524 4299 19
542 4241 681 4298 subtiliter
698 4242 725 4297 L
769 4243 803 4297 21
817 4241 907 4296 istud
950 4241 985 4296 23
1003 4241 1093 4312 posse]
1111 4241 1242 4313 potestL
1285 4241 1322 4296 24
1339 4240 1431 4312 ipsed

286 4333 321 4387 26
341 4331 513 4403 pepiciturV
584 4333 618 4386 27
631 4331 827 4402 temporalibus
840 4331 941 4386 mtto
1009 4331 1044 4386 28
1062 4333 1128 4402 non]
1147 4332 1174 4385 in
1192 4329 1292 4385 MLbd
1371 4330 1431 4400 ipsa

287 4422 392 4476 ratione
415 4420 537 4477 TMLbd
607 4421 793 4492 operationem
812 4421 849 4474 od
