3159 4950
550 534 803 607 inperfectus
832 536 944 591 liber.
1259 538 1328 603 479

180 733 288 797 sancto
317 730 382 810 illo,
413 730 466 813 qui
499 730 595 795 dixit:
629 730 692 813 qui
725 734 850 795 manet
881 730 917 797 in
951 733 1144 795 aeteruum
1179 730 1331 796 creauit

181 836 304 904 omnia
336 836 467 913 simu13
501 835 558 901 sed
592 835 851 902 commodissime
883 836 915 901 in
942 837 1004 902 hoc
1035 836 1118 903 libro
1147 836 1239 919 quasi
1270 855 1330 919 per

181 962 339 1009 morarum
372 942 541 1008 interualla
572 943 728 1009 factarum
757 962 776 1007 o
803 943 862 1008 deo
894 963 1000 1008 rerum
1033 942 1158 1028 digesta
1189 942 1325 1008 narratio

182 1054 241 1129 est,
256 1052 293 1115 ut
311 1049 381 1133 ipsa
400 1048 578 1134 dispositio,
598 1069 678 1133 qnae
698 1050 737 1115 ab
756 1049 982 1116 infirmioribus
1002 1050 1115 1115 animis
1135 1047 1331 1131 contemple-

150 1156 267 1221 stioue
292 1140 525 1221 stabiliuideri
548 1176 611 1222 uon
633 1159 769 1239 poterat,
793 1176 849 1241 per
870 1157 966 1222 huius
990 1156 1077 1223 modi
1101 1156 1241 1223 ordinem
1264 1174 1329 1220 ser-

182 1262 285 1328 monis
309 1263 452 1347 erposita
476 1262 567 1346 qussi
590 1263 662 1327 istis
687 1263 788 1329 oculis
814 1266 1002 1328 cerneretur.

228 1372 259 1435 8.
282 1370 329 1435 Et
352 1369 450 1435 dixit
474 1370 584 1435 deus:
608 1368 680 1435 fiat
702 1369 982 1436 firmamentum
1006 1370 1042 1435 iu
1065 1370 1187 1436 medio
1211 1388 1332 1452 aquae

184 1480 221 1542 et
239 1478 293 1543 sit
311 1477 488 1543 diuideus
507 1478 606 1542 inter
625 1496 757 1561 aquam
774 1481 965 1560 etoquam.
981 1477 1086 1542 etsie
1101 1479 1160 1542 est
1177 1476 1328 1541 iactum.

185 1588 221 1649 et
256 1583 352 1650 iecit
384 1585 476 1650 deus
513 1578 795 1650 firmamentum
827 1589 864 1649 et
897 1584 1036 1649 diuisit
1065 1583 1166 1649 inter
1197 1602 1332 1666 aquam

141 1724 165 1765 10
186 1710 279 1774 quae
313 1694 393 1757 erat
422 1691 490 1756 sub
521 1690 760 1758 firmamento
792 1694 829 1756 et
850 1692 950 1757 iuter
973 1710 1106 1775 aquam
1130 1710 1224 1774 quae
1249 1692 1331 1755 erat

186 1817 297 1881 snpra
323 1798 616 1865 firmamentum.
643 1801 752 1862 utrum
783 1816 882 1881 aquae
905 1800 987 1863 tales
1011 1800 1088 1863 snut
1109 1817 1206 1881 supra
1228 1797 1330 1861 firma·

186 1906 338 1982 mentum,
359 1905 468 1985 quales
490 1904 549 1969 sub
568 1903 765 1968 firmamento
789 1904 870 1968 istae
893 1903 1060 1970 nisibiles?
1080 1922 1129 1979 au,
1150 1904 1225 1987 quia
1241 1902 1333 1967 illam

187 2028 301 2093 aquam
332 2009 461 2074 uidetur
494 2010 684 2095 significare,
713 2029 809 2094 supra
840 2030 935 2094 quem
962 2010 1094 2093 spiritus
1117 2010 1277 2076 ferebatur
1300 2012 1335 2074 et

187 2134 255 2180 eam
282 2115 549 2200 intellegebamus
577 2135 648 2182 esse
675 2116 778 2199 ipsam
801 2116 912 2181 mnndi
934 2117 1110 2195 materiam,
1132 2116 1211 2182 haec
1234 2117 1330 2181 etiem

144 2251 169 2292 n
186 2222 248 2288 hoc
269 2222 340 2287 loeo
363 2222 560 2288 firmamento
584 2223 773 2307 interposito
802 2223 940 2289 discreta
968 2223 1123 2288 credenda
1145 2226 1205 2300 est,
1228 2226 1266 2288 ut
1287 2222 1338 2288 iu-

186 2326 281 2394 ierior
299 2328 343 2393 sit
356 2330 487 2393 materia
502 2329 684 2412 corporalis,
700 2330 845 2414 superior
863 2330 1029 2395 animalis?
1047 2330 1109 2395 hoc
1129 2330 1212 2395 euim
1231 2329 1337 2393 firma-

188 2437 330 2501 mentum
368 2434 455 2515 dicit,
488 2436 573 2519 qnod
610 2437 734 2503 caelum
765 2440 878 2520 postea
913 2438 1019 2504 uocat.
1059 2436 1189 2503 caelesti
1225 2440 1337 2502 autem.
1417 2436 1420 2444 '

189 2561 318 2625 corpore
350 2543 431 2607 nihil
463 2547 512 2608 est
543 2544 576 2609 in
606 2545 789 2628 emporibus
818 2545 944 2618 melius.
978 2546 1041 2611 alia
1064 2546 1181 2629 quippe
1204 2564 1335 2629 corpora

190 2648 434 2729 coelestianis
466 2652 628 2716 terrestria
655 2655 687 2716 et
710 2652 821 2736 utique
845 2653 994 2718 caelestia
1020 2652 1166 2718 meliors:
1199 2671 1336 2735 quorum

145 2785 172 2824 eo
190 2759 332 2822 naturam
368 2757 523 2841 quidquid
555 2758 670 2824 transit
701 2759 808 2824 nescio
839 2759 1106 2842 quemadmodum
1132 2759 1197 2824 iam
1220 2778 1339 2842 corpus

190 2861 295 2944 possit
321 2864 442 2940 uocari3
472 2864 528 2929 sed
557 2869 606 2930 est
633 2865 767 2930 fortasse
791 2867 842 2931 uis
866 2866 1021 2948 quaedam
1044 2867 1188 2932 subiecta
1210 2865 1334 2944 rationi,

192 2988 254 3052 qua
284 2970 405 3036 ratione
438 2970 515 3035 deus
548 2971 731 3054 ueritasque
762 2973 979 3056 cognoscitur:
1014 2991 1094 3055 quae
1126 2975 1239 3037 natura
1261 2972 1336 3055 quia

191 3075 366 3141 formabilis
390 3079 440 3141 est
461 3077 581 3144 uirtute
604 3081 700 3161 etque
723 3078 902 3161 prudentia,
922 3079 1013 3144 ouius
1036 3080 1147 3164 uigore
1170 3078 1341 3145 cohibetur

193 3181 262 3247 eius
293 3181 430 3248 fluitatio
463 3187 557 3267 atque
591 3183 819 3268 constringitur
842 3190 873 3250 et
896 3186 935 3251 ob
959 3185 1022 3252 hoc
1044 3186 1136 3269 quasi
1158 3185 1333 3251 materialis

146 3315 174 3357 rs
193 3287 432 3370 adparet‚1·eete
456 3309 537 3372 aqua
560 3289 714 3356 diuinitus
737 3291 896 3374 appellata
919 3293 970 3357 est
993 3312 1055 3358 nou
1072 3292 1217 3357 locorum
1232 3292 1340 3374 spatio

193 3394 249 3459 sed
276 3395 389 3460 merito
417 3397 546 3461 naturae
575 3396 776 3480 incorporeae
801 3396 880 3463 caeli
903 3398 1045 3481 corporei
1072 3398 1228 3462 ambitum
1250 3416 1337 3462 exce·

193 3501 336 3567 denset
363 3502 512 3586 quoniam
540 3503 664 3568 caelum
687 3503 921 3569 firmamentum
947 3505 1087 3583 uocauit,
1111 3523 1172 3569 uon
1201 3503 1341 3568 absurde

285 3745 297 3797 1
318 3743 401 3798 Eccli.
423 3743 463 3810 18,
484 3746 499 3799 1
555 3745 570 3800 7
591 3741 658 3800 Gen.
679 3746 702 3810 1,
722 3747 748 3800 6.
768 3747 784 3801 7

233 3919 245 3972 1
265 3917 313 3973 ille
331 3935 382 3974 om.
397 3919 496 3974 MLbd
568 3921 681 3991 creauit]
700 3922 848 3992 compleuit
859 3920 903 3975 Lb
957 3921 974 3975 2
992 3921 1054 3992 hoc]
1072 3921 1120 3975 illo
1133 3920 1171 3975 bd
1249 3938 1337 3976 mora·

122 4083 123 4086 Ἴ
194 4023 253 4062 rum
272 4023 321 4077 per
339 4007 376 4062 bd
446 4007 586 4080 bstabili]
607 4009 710 4064 nisibili
728 4008 772 4064 Lo
853 4009 946 4064 uidere
968 4009 1035 4064 VLb
1108 4009 1222 4080 dquasi
1239 4027 1290 4065 om.
1313 4009 1344 4063 V

195 4093 332 4152 Siactum
351 4100 394 4150 est
412 4096 535 4152 Tmou
642 4099 675 4154 10
690 4099 902 4154 sub-cratem.
916 4099 955 4154 M
1066 4099 1207 4154 interm.
1225 4098 1339 4153 VTML

198 4187 227 4240 ll
243 4185 333 4255 supra]
349 4201 428 4256 super
446 4187 506 4242 ΤΜ
574 4187 631 4241 sint
648 4186 771 4242 TMLbd
819 4189 853 4242 12
867 4183 984 4242 risibilis
1004 4187 1031 4242 V
1079 4189 1111 4243 13
1125 4205 1224 4258 aquam
1238 4204 1289 4244 our.
1303 4187 1343 4243 M

196 4272 328 4327 uidereL
382 4275 416 4328 17
434 4275 566 4346 poseaM
633 4277 743 4331 uocauit
759 4274 861 4331 TMLb
915 4277 1093 4332 adremon.
1112 4276 1156 4332 Vd
1208 4277 1244 4332 22
1258 4293 1339 4348 quem

196 4363 320 4416 naturam
343 4361 455 4418 VTML
508 4363 543 4418 24
561 4362 702 4418 fluctuatio
721 4363 786 4418 Lod
857 4364 891 4418 ob
908 4364 970 4436 hoc]
989 4363 1135 4420 obiectiob
1188 4366 1223 4420 25
1240 4383 1344 4438 ruppe-

196 4452 240 4504 ret
257 4448 284 4503 L
348 4451 382 4505 26
399 4452 583 4523 incorporeae]
602 4453 743 4523 incorpore
766 4451 851 4526 VML
868 4453 897 4507 in
916 4453 1057 4524 corporet
1128 4454 1278 4525 incorporei
1296 4454 1345 4509 Lu
