3159 4950
210 461 275 527 816
587 459 616 514 S.
644 457 779 513 Aureli
807 457 1021 529 Augustini

210 654 314 720 oberit
341 653 370 718 ei
396 656 471 738 post
500 655 644 730 mortem,
673 651 745 732 nisi,
774 671 848 720 enm
880 651 983 718 adhuc
1007 651 1043 717 in
1069 653 1140 738 ipsa
1172 671 1263 718 carna
1296 658 1355 734 eet,

210 762 407 827 sacramento
434 759 619 826 mediatoris
647 759 800 842 expietur,
823 758 915 842 eique
938 758 1092 825 diuinitus
1117 759 1178 826 hoo
1204 760 1356 828 auxilinm

209 865 380 950 procurari,
409 883 503 949 qnam
533 865 611 931 deus
638 865 799 950 praesciit,
822 866 851 930 oi
871 883 975 950 nsque
997 865 1038 930 ad
1064 885 1161 932 annos
1187 867 1263 934 fidei
1286 887 1357 935 oon·

209 991 306 1058 grues
329 973 382 1038 hic
403 973 538 1051 uiueret,
561 972 614 1056 pie
636 971 738 1038 fnisse
760 972 929 1050 uicturam,
952 991 1048 1055 quam
1075 975 1206 1056 propter
1223 972 1356 1056 aliquid,

210 1080 295 1163 quod
317 1081 386 1164 ipsc
409 1079 509 1158 nonii,
534 1082 567 1144 et
589 1079 677 1145 naaci
699 1079 805 1145 noluit
830 1079 863 1144 in
887 1097 1019 1163 corpore
1042 1083 1076 1144 et
1098 1080 1162 1146 cito
1185 1080 1356 1145 extruite
1385 1099 1399 1139 e

209 1203 357 1268 corpore:
381 1203 454 1250 cum
478 1203 552 1270 ergo
568 1184 649 1250 haee
667 1185 869 1268 respondent,
888 1185 965 1268 quid
980 1186 1030 1251 eie
1048 1186 1221 1252 contradici
1238 1191 1356 1271 potest.

210 1290 273 1356 nisi
293 1291 432 1356 incertos
455 1309 513 1356 nos
538 1309 648 1357 eornm
670 1290 785 1356 salutis
807 1291 877 1356 fieri
900 1291 955 1374 qni
981 1291 1041 1357 hac
1066 1293 1136 1358 nita
1162 1293 1242 1359 bene
1265 1297 1358 1378 gaeta

210 1395 243 1461 in
271 1397 424 1464 eccleciae
451 1415 529 1482 pace
558 1397 699 1463 defuncti
727 1403 813 1478 sunt,
835 1399 865 1463 ai
891 1417 953 1464 non
981 1400 1087 1464 aolum
1115 1397 1290 1466 secondum
1311 1399 1356 1477 id,

210 1503 296 1589 quod
319 1504 454 1588 quiaque
478 1504 568 1582 uixit,
595 1521 708 1569 nerum
730 1504 830 1570 etiam
852 1503 1027 1570 secundnm
1045 1503 1090 1583 id,
1109 1504 1194 1587 qnod
1210 1505 1356 1570 uictuma

210 1611 358 1689 essetsi
389 1611 527 1694 amplius
561 1610 671 1676 uiuere
703 1610 875 1695 potuisset,
899 1612 1034 1696 quiaque
1063 1611 1252 1678 iudicandae
1284 1615 1356 1677 eat?
1374 1631 1400 1672 ro

209 1715 464 1800 qnandoquidem
497 1716 606 1782 ualent
638 1715 722 1799 apud
754 1715 849 1781 deum
875 1717 989 1782 marita
1017 1718 1104 1783 mala
1133 1736 1195 1783 non
1230 1721 1354 1783 tantum

208 1823 460 1906 praetoritorum,
499 1823 554 1888 sed
589 1823 769 1888 futurorum
807 1823 903 1888 etiam
939 1823 1139 1901 delictorum,
1171 1845 1190 1889 a
1220 1843 1354 1908 qnorum

208 1933 299 1994 reatu
328 1949 386 1996 nac
414 1948 499 1995 mors
527 1930 651 2008 liberat,
677 1929 715 2006 ai,
738 1932 909 2014 antequam
935 1929 1056 1996 fnednt
1082 1931 1263 2009 commissa,
1283 1950 1355 2016 pro-

210 2037 343 2116 amerit,
367 2055 425 2102 nee
449 2036 570 2119 aliquid
597 2037 627 2102 ei
654 2038 845 2120 praestitum
876 2041 936 2117 eet,
964 2037 1020 2122 qni
1049 2041 1183 2122 raptus
1215 2042 1283 2114 eet,
1310 2057 1354 2103 ne

210 2143 358 2208 malitia
387 2145 552 2208 mutaret
586 2143 830 2209 intellectum
862 2143 954 2209 eino.
983 2143 1063 2209 deno
1086 2143 1170 2209 enim
1192 2144 1354 2229 praescius
1373 2163 1399 2202 ιε

209 2250 297 2315 illiue
325 2249 450 2316 futurae
476 2249 619 2315 malitiae
647 2267 704 2316 cnr
730 2269 792 2316 non
820 2270 894 2316 enm
924 2249 1098 2317 occandum
1120 2249 1224 2334 ipram
1247 2251 1354 2335 potine

208 2355 406 2423 indicaturus
430 2361 489 2436 est,
510 2357 539 2422 ei
560 2357 731 2424 moriturae
755 2358 878 2423 animae
899 2357 1041 2437 infantis,
1060 2376 1099 2422 ne
1122 2357 1250 2423 obesset
1269 2357 1300 2422 ei
1318 2375 1354 2440 ex

209 2482 338 2546 corpore
355 2462 480 2547 peccati
502 2461 689 2547 participata
714 2463 888 2540 conlaudas,
906 2462 980 2531 ideo
1003 2461 1254 2530 subueniendum
1272 2462 1354 2529 indi·

208 2570 296 2635 canit
325 2589 381 2653 per
409 2569 615 2651 baptismum,
644 2571 719 2653 qnia
749 2571 923 2654 praescidit
953 2590 1034 2650 eam,
1066 2570 1095 2636 si
1129 2570 1266 2647 uiueret,
1301 2570 1353 2654 pie

207 2676 404 2760 fideliterque
427 2676 528 2743 fuisse
550 2678 730 2743 uicturam?
1370 2693 1399 2735 ὀ

251 2785 300 2850 An
330 2782 402 2850 ideo
434 2784 542 2868 potino
573 2784 676 2849 refelli
708 2784 769 2851 hoc
800 2786 967 2851 inuentam
998 2787 1116 2868 potest,
1144 2784 1219 2867 qnia
1243 2800 1352 2849 meam

207 2892 266 2969 est,
289 2888 339 2954 illi
362 2892 479 2967 antem,
498 2890 552 2973 qui
576 2890 614 2955 de
634 2891 693 2956 hae
712 2892 871 2957 sententia
889 2895 993 2959 certor
1012 2910 1047 2956 ee
1066 2908 1138 2957 esee
1156 2890 1351 2961 confirmant,

207 2998 269 3063 alia
290 2996 424 3064 fortasse
445 2996 611 3081 proferunt
637 2999 691 3062 nel
717 2998 902 3064 testimonia
925 2998 1152 3081 scripturarum
1180 2996 1234 3062 uel
1257 2998 1353 3064 docu-

205 3106 312 3169 manta
334 3102 502 3179 rationum,
528 3102 643 3186 quibus
667 3104 748 3169 hanc
771 3104 915 3170 auferant
932 3104 1176 3189 ambiguitatem
1194 3105 1249 3169 uel
1266 3107 1351 3170 certe

206 3209 375 3276 ostendant
403 3227 466 3275 non
499 3228 569 3275 ecoe
601 3212 710 3276 contra
740 3210 785 3290 id,
810 3210 894 3294 quod
923 3211 1074 3289 sentiunt,
1096 3208 1179 3275 iliud
1201 3208 1348 3294 apostoli,
1367 3229 1394 3272 aa

206 3334 268 3400 quo
291 3314 435 3401 gratiam,
465 3334 527 3399 qua
554 3316 637 3381 salui
665 3316 830 3395 efficimur,
853 3336 969 3402 magna
995 3317 1170 3384 intentione
1192 3335 1349 3383 commcn-

204 3422 282 3488 dano
310 3421 403 3488 dicit:
436 3422 536 3488 sicut
559 3423 596 3489 in
619 3422 734 3489 Adam
764 3444 890 3490 omnes
918 3426 1141 3503 moriuntur,
1170 3424 1225 3490 sic
1253 3424 1349 3489 etin

293 3665 327 3721 14
346 3664 408 3736 Sap.
427 3666 454 3729 4,
475 3665 505 3719 11
562 3664 597 3719 27
616 3664 631 3719 1
653 3663 714 3721 (ior.
735 3666 777 3733 15,
795 3666 831 3720 22

241 3842 311 3911 lai]
329 3840 409 3896 entS
478 3844 567 3911 ponat
586 3842 625 3912 (te
644 3841 767 3912 arae.)R
821 3843 932 3912 taiqni
951 3842 971 3914 (i
984 3843 1033 3911 fin.
1051 3858 1184 3912 cuperacr.
1202 3860 1238 3899 ra.
1257 3847 1346 3913 laup.

203 3930 228 4000 e)
247 3930 276 3984 P
327 3931 498 4002 Bprocurari
518 3932 539 3999 (i
556 3946 617 4001 ευρ.
637 3948 651 3986 a
671 3946 689 3984 a
709 3947 744 3985 m.
764 3933 789 4000 1)
810 3930 838 3985 Ρ
909 3929 1065 4001 praescita
1115 3931 1225 3986 iniret
1244 3934 1345 4002 (rame

203 4018 270 4073 odd.
292 4035 327 4072 m.
353 4019 366 4072 1
391 4018 411 4086 i)
436 4018 464 4073 P
570 4014 643 4088 qood
667 4018 696 4083 (d
718 4035 740 4073 a.
766 4017 784 4072 1.
809 4035 844 4074 m.
868 4019 895 4084 1)
921 4018 949 4072 P
1037 4020 1072 4075 10
1095 4018 1221 4090 quisque]
1243 4019 1290 4089 qni
1308 4018 1347 4073 Ρι

204 4108 237 4162 16
255 4106 410 4163 miliciaeS
480 4105 615 4176 qaurPR
670 4107 704 4161 18
719 4104 858 4161 conlabiee
872 4105 938 4162 PR²
993 4108 1028 4162 19
1039 4108 1102 4178 piac
1116 4108 1142 4176 (a
1155 4105 1350 4178 m.1ecp.)P

201 4197 237 4253 20
255 4194 372 4251 fidenter
390 4212 458 4267 qnae
477 4194 505 4251 R
593 4194 677 4250 fnisse
696 4212 766 4251 arca.
785 4195 814 4251 R
904 4196 937 4251 21
957 4196 1047 4252 refelli
1064 4196 1089 4268 (f
1103 4213 1164 4267 nep.
1182 4214 1200 4250 u
1217 4212 1253 4252 aa.
1273 4198 1301 4266 1)
1319 4195 1348 4253 P

202 4285 266 4356 qnia
284 4300 372 4338 meam
392 4290 434 4339 est
450 4285 483 4338 in
499 4300 550 4355 ηιμ.
568 4300 603 4340 m.
623 4285 678 4339 ΞΡ
729 4282 764 4338 22
783 4284 949 4340 sententiam
968 4284 1007 4339 P¹
1059 4284 1094 4341 28
1113 4284 1347 4341 scribturammP

202 4374 236 4428 26
255 4372 325 4427 salai
345 4375 368 4439 (s
386 4390 421 4427 m.
440 4372 457 4426 2
475 4378 549 4441 retr.)
569 4372 597 4428 R
670 4372 884 4428 commendatS
934 4374 969 4428 27
989 4373 1066 4445 dicit]
1085 4376 1126 4429 ait
1144 4374 1182 4430 td
