3159 4950
233 449 298 511 154
567 443 593 497 S.
623 443 761 496 Aureli
789 442 1008 512 Augustini

231 659 292 704 non
326 637 474 703 continua
506 637 611 720 specie
635 639 799 719 tamquam
832 636 928 700 maris
962 641 1026 700 aut
1055 637 1170 721 stagni,
1205 637 1260 702 sed
1294 637 1379 702 sicut

233 747 378 810 uidemus
401 744 445 808 ire
469 762 568 825 aquas
591 763 646 826 per
670 743 779 807 alueos
804 743 972 806 fluminum
995 742 1158 825 flexusque
1183 744 1323 808 riuorum
1347 747 1379 808 et

232 873 339 917 eorum
368 869 499 916 excessu
527 851 633 914 uicina
659 849 858 932 perfundere,
889 849 960 932 quis
984 869 1045 915 non
1070 850 1215 932 accipiat,
1239 850 1301 914 nisi
1325 855 1378 933 qui

231 959 429 1024 contentioso
462 957 575 1040 spiritu
607 957 751 1022 laborat?
782 959 891 1038 potest
924 956 1039 1040 quippe
1078 957 1174 1022 etiarn
1212 957 1257 1020 ita
1295 957 1379 1021 dicta

230 1065 375 1148 intellegi
403 1061 506 1129 orn'nis
535 1069 636 1128 terrae
665 1064 762 1128 facies
792 1063 936 1147 inrigata,
966 1063 1233 1146 quemadmodum
1262 1063 1379 1128 dicitur
1410 1089 1423 1128 c

231 1173 332 1237 omnis
365 1171 467 1236 uestis
499 1171 596 1235 facies
630 1172 779 1238 colorata.
814 1171 939 1236 etiamsi
972 1191 1034 1236 non
1068 1171 1287 1249 continuatim,
1323 1171 1378 1235 sed

230 1279 416 1344 maculatim
448 1278 513 1353 fiat,
546 1277 732 1360 praesertim
771 1277 845 1360 qnia
877 1285 954 1342 tuno
987 1278 1018 1341 in
1052 1279 1193 1342 nouitate
1226 1280 1378 1342 terrarum

119 1441 121 1445 .
231 1387 293 1448 etsi
321 1405 383 1450 non
411 1385 526 1462 omnia
555 1386 646 1468 plura
674 1387 779 1448 tamen
808 1387 902 1467 plana
926 1385 1024 1448 luisse
1053 1384 1203 1450 credibile
1233 1388 1292 1462 ost,
1317 1404 1379 1466 qua

230 1493 326 1558 latius
351 1496 482 1575 possent
506 1493 702 1575 erumpentia
724 1493 844 1558 fluenta
867 1491 1005 1576 dispergi
1030 1501 1124 1574 atque
1149 1491 1296 1556 distendi.

277 1599 476 1682 Quapropter
504 1599 541 1663 de
571 1600 664 1663 istius
693 1599 790 1664 fontis
820 1599 1038 1682 magnitudine
1071 1598 1123 1662 uel
1162 1598 1424 1676 multitudinem

230 1708 284 1788 qui
301 1707 370 1770 siue
385 1726 480 1770 unam
495 1706 608 1770 habuit
622 1706 768 1771 alicunde
788 1707 986 1789 eruptionem
1006 1706 1074 1770 siue
1094 1709 1221 1788 propter
1239 1706 1375 1786 aliquam

230 1815 262 1877 in
285 1817 386 1878 terrae
409 1813 545 1878 occultis
569 1812 691 1876 sinibus
715 1813 883 1888 unitatem,
908 1812 991 1876 unde
1019 1831 1129 1876 omnes
1160 1831 1259 1894 aquae
1284 1831 1378 1895 super

230 1926 344 1984 terram
374 1923 498 1984 scatent
526 1919 666 1983 omniurn
696 1919 832 1982 fontium
861 1937 1047 2002 magnorum
1077 1921 1172 2000 atque
1196 1938 1376 2002 paruorunr.

230 2045 313 2092 unus
336 2026 406 2091 lons
430 2027 535 2090 dictus
559 2029 618 2101 est,
642 2044 698 2107 per
722 2045 830 2090 omnes
856 2025 1091 2109 dispertitiones
1111 2045 1185 2090 suas
1205 2026 1376 2091 ascendens

231 2134 269 2198 de
298 2138 381 2196 terra
408 2137 441 2196 et
466 2131 607 2215 inrigans
636 2151 760 2196 omnem
788 2131 902 2196 faciem
931 2135 1041 2209 terrae,
1067 2133 1135 2198 siue
1160 2133 1266 2210 etiarn,
1292 2133 1374 2216 quod
1398 2153 1422 2192 ιε’»

230 2243 280 2304 est
303 2240 495 2312 credibilius,
525 2239 599 2321 qnia
626 2257 687 2304 nou
717 2240 775 2302 ait:
805 2259 888 2302 unus
912 2240 982 2304 fons
1007 2239 1198 2303 ascendebat
1222 2238 1260 2303 de
1284 2243 1375 2304 terra.

230 2347 286 2412 sed
315 2348 374 2411 ait:
407 2347 492 2412 fons
526 2351 662 2409 autem»
684 2345 915 2410 ascendebat
948 2344 990 2409 de
1024 2349 1132 2417 terra,
1162 2365 1217 2428 pro
1246 2366 1375 2410 numero

228 2454 346 2537 plurali
371 2453 480 2538 posuit
507 2452 711 2537 singularem,
740 2458 783 2521 nt.
805 2453 850 2518 sic
879 2453 1103 2537 intellegamus
1129 2453 1232 2519 sontes
1257 2455 1375 2519 multos

229 2548 285 2645 per
312 2563 493 2625 uniuersam
520 2562 635 2623 terram
664 2560 734 2624 loca
763 2561 816 2624 nel
843 2560 989 2645 regiones
1018 2561 1160 2643 proprias
1191 2560 1375 2643 irrigantes,

230 2666 315 2730 sicut
343 2666 459 2729 dicitnr
489 2665 581 2729 miles
616 2669 647 2728 ct
679 2665 774 2729 multi
806 2666 1046 2749 intelleguntur,
1085 2666 1169 2730 sicut
1207 2665 1292 2731 diota
1328 2670 1377 2729 est
1395 2690 1421 2729 eo

228 2773 357 2837 lucusta
375 2776 407 2837 et
425 2790 501 2835 rana
519 2772 551 2835 in
574 2772 688 2854 plagis,
714 2772 830 2854 quibus
853 2771 1002 2855 Aegyptii
1025 2772 1169 2855 percussi
1193 2774 1277 2848 sunt,
1303 2790 1375 2837 cum

229 2882 316 2942 esset
338 2862 577 2941 innumerabilis
600 2878 799 2941 lucustarum
822 2896 973 2943 numerus
998 2882 1029 2943 et
1052 2898 1211 2943 ranarum:
1235 2878 1299 2941 iam
1314 2898 1374 2943 uon

228 2984 348 3049 diutim
371 2985 560 3050 laboremus.

275 3094 325 3155 11.
347 3091 409 3156 Sed
427 3091 509 3155 illud
528 3092 625 3155 etiarn
644 3096 739 3174 atque
763 3093 860 3156 etiam
880 3092 1127 3169 consideremus,
1146 3096 1253 3157 utrum
1273 3093 1376 3175 possit

228 3198 318 3262 nobis
354 3217 410 3279 por
445 3199 552 3263 omnia
588 3202 733 3263 constare
769 3200 938 3277 sententia,
977 3218 1039 3280 qua
1072 3200 1256 3265 dicebamus
1284 3200 1420 3263 aliterue

229 3308 393 3384 operatum
422 3304 516 3368 deum
545 3325 654 3371 omues
683 3308 843 3370 creaturas
871 3306 971 3389 prima
1001 3305 1191 3376 conditione.
1217 3307 1373 3389 aquibus

319 3496 350 3548 17
372 3494 438 3552 Gen.
457 3495 483 3559 2,
503 3497 519 3549 6
573 3496 607 3549 21
628 3496 659 3551 cf.
681 3497 725 3550 Ps.
747 3498 807 3560 104,
827 3498 870 3550 34.

265 3620 404 3688 lstagnis
423 3622 447 3685 (s
465 3620 513 3687 fia.
534 3620 599 3674 add.
619 3640 641 3675 s.
661 3621 678 3674 1.
698 3637 732 3673 m.
754 3622 779 3682 l)
799 3621 826 3675 R
881 3620 1034 3675 2riborum
1053 3618 1091 3675 E¹
1146 3620 1374 3675 deonteciosoR

227 3708 505 3762 bomneaPomnis
525 3711 545 3777 (i
565 3726 682 3763 acela
706 3714 729 3776 l)
750 3710 778 3764 R
851 3710 1085 3779 quemammodum
1106 3711 1160 3765 ΕΡ
1214 3710 1317 3764 oracio
1336 3710 1374 3765 E¹

228 3796 415 3850 continuatum
430 3798 458 3851 P
511 3798 526 3851 7
546 3800 710 3853 maculatum
729 3800 758 3852 P
774 3800 930 3853 maculatim
952 3801 972 3867 (i
991 3816 1024 3853 ex
1043 3802 1070 3860 ul
1086 3798 1113 3854 R
1168 3798 1262 3869 8etsi]
1281 3800 1334 3853 utsi
1347 3800 1377 3855 E

228 3912 309 3982 plena
332 3912 356 3967 S
380 3912 459 3983 plsna
481 3913 510 3968 R
617 3931 671 3985 quo
695 3915 732 3970 od
823 3916 856 3970 10
884 3916 929 3969 uel
957 3916 1133 3969 multitudine
1160 3932 1182 3969 s.
1208 3914 1225 3968 l.
1249 3932 1284 3969 m.
1310 3917 1322 3969 l
1347 3916 1374 3969 R

229 4003 258 4055 11
280 4001 408 4055 habuerit
427 4003 442 4056 b
516 4003 625 4057 aliunde
640 4005 656 4057 b
675 4004 801 4058 alicunde
821 4009 846 4069 (c
860 4021 882 4060 s.
898 4005 914 4059 1.
927 4021 961 4059 m.
978 4006 1003 4073 1)
1017 4005 1045 4059 R
1118 4005 1374 4081 aliquae(mcr.l1t

229 4091 261 4143 12
280 4091 403 4144 unitate·
417 4096 454 4159 (m
474 4096 522 4159 er.)
541 4092 570 4147 a
639 4094 672 4147 13
691 4096 817 4157 scantent
835 4094 865 4147 E
881 4094 1045 4148 scaturirent
1064 4094 1079 4147 b
1144 4094 1177 4147 15
1196 4094 1317 4163 inrigans
1335 4093 1373 4147 E¹

228 4180 262 4232 16
295 4178 328 4233 de
360 4184 433 4234 terra
464 4198 516 4235 ora.
550 4180 634 4237 PR¹d
758 4184 793 4236 20
822 4183 896 4237 dicta
926 4187 957 4252 (s.
981 4184 999 4237 l.
1024 4200 1057 4237 ra.
1088 4184 1105 4237 2
1135 4183 1200 4238 add.
1234 4182 1262 4237 al
1295 4186 1322 4248 a)
1348 4182 1376 4235 Ε

227 4268 260 4321 21
272 4268 379 4322 lucusta
388 4268 493 4324 E¹PR¹
502 4269 608 4325 locusta
616 4269 758 4326 E²R²de
829 4270 967 4342 egyptiiS
1014 4272 1048 4324 22
1059 4272 1223 4326 locustarum
1232 4269 1375 4326 fflR'de

227 4357 261 4409 24
279 4355 413 4425 possetS
465 4360 500 4411 25
518 4360 608 4412 sentia
625 4360 665 4413 Ε1
737 4376 818 4430 quani
837 4360 875 4415 E¹
