3159 4950
413 429 456 484 de
484 428 629 485 Genesi
656 431 700 485 ad
727 431 910 487 litteram
940 433 1003 488 lib.
1031 434 1082 491 ΙΙΙ.
1288 441 1328 504 79

182 631 219 692 et
244 627 393 710 inplete
422 646 540 712 aquas
571 627 703 707 maris,
737 632 776 694 et
807 629 989 695 uolatilia
1019 631 1332 714 multiplicentur

182 755 294 820 super
320 737 472 801 terram.
510 754 548 800 an
577 735 610 801 in
639 754 702 801 nno
731 755 845 821 genere
874 741 1034 804 creaturae
1063 739 1232 805 dicendum
1258 741 1330 819 fuit,

179 847 216 908 nt
238 843 269 906 io
294 843 409 907 ceteris
433 845 663 924 consequenter
684 841 935 928 intellegeretur,
965 863 1045 926 quae
1073 846 1329 930 generationibus

180 953 353 1016 crescunt?
394 949 483 1033 prins
521 969 596 1035 ergo
635 949 792 1016 diceretur
823 951 855 1015 in
889 969 941 1028 eo,
975 951 1060 1035 quod
1095 953 1233 1034 primum
1265 955 1329 1040 tale

151 1061 323 1122 ocreatum
353 1059 413 1135 est,
446 1057 479 1121 in
512 1056 610 1121 herba
642 1057 767 1122 scilicet
799 1059 894 1140 atque
927 1057 1024 1142 ligno.
1066 1077 1104 1122 an
1136 1058 1217 1124 forte
1249 1078 1327 1142 quae

179 1164 303 1228 nullum
337 1163 490 1229 haberent
520 1163 741 1247 propagandae
772 1163 872 1247 prolis
907 1164 1069 1229 adiectum
1097 1183 1133 1230 ac
1161 1165 1228 1230 sine
1260 1166 1327 1231 ullo

178 1289 274 1336 sensu
299 1273 487 1354 generarent
508 1269 639 1354 indigna
665 1269 823 1335 indicauit
849 1269 915 1336 illis
943 1269 1174 1336 benedictionis
1201 1272 1326 1338 uerbis:

178 1378 342 1443 crescite
372 1381 409 1442 et
435 1377 766 1460 multiplicamini,
795 1377 851 1442 ubi
879 1379 986 1442 autem
1019 1377 1094 1442 talis
1124 1377 1244 1444 inesset
1271 1380 1325 1444 ad·

176 1483 291 1561 fectus,
316 1483 362 1548 ibi
383 1484 523 1568 primum
546 1482 608 1548 hoc
632 1482 720 1563 dixit,
742 1486 781 1548 ut
803 1483 836 1548 in
859 1483 990 1548 terrenis
1015 1484 1205 1550 animalibus
1229 1485 1324 1552 etiarn

136 1608 159 1648 ιο
177 1610 238 1657 non
271 1590 394 1655 dictum
425 1589 693 1674 intellegeretur?
728 1590 945 1656 necessarium
977 1593 1083 1655 autem
1114 1590 1264 1658 suithes
1291 1593 1323 1656 in

176 1698 305 1763 homine
327 1699 480 1780 repetere,
502 1715 542 1761 ne
566 1696 735 1779 quisquam
759 1696 928 1764 diseretio
948 1696 1053 1763 officio
1072 1697 1222 1782 gignendi
1240 1699 1323 1767 filios

175 1805 279 1868 ullum
308 1821 379 1868 esse
414 1805 596 1887 peccatum,
625 1803 711 1869 siout
739 1807 790 1869 cst
820 1803 852 1868 in
885 1803 1016 1868 libidine
1049 1804 1118 1869 siue
1151 1805 1323 1872 iomicondi

176 1912 244 1976 sine
267 1911 340 1994 ipso
364 1910 513 1995 coniugio
536 1909 766 1976 inmoderatius
790 1911 952 1975 abutendi.

220 2021 271 2084 14.
300 2017 462 2084 Nonnulla
484 2017 581 2082 etiam
604 2017 643 2082 de
666 2016 859 2100 quibusdam
883 2017 1108 2082 minutissimis
1132 2017 1321 2084 animalibus

136 2147 158 2185 n
176 2125 320 2210 quaestio
344 2127 404 2202 est,
426 2127 535 2189 utmm
559 2125 591 2189 in
613 2124 725 2208 primis
744 2143 850 2190 rerum
869 2123 1106 2190 conditionibus
1125 2125 1321 2203 anastasim,

174 2251 211 2296 an
240 2251 277 2296 ex
301 2231 571 2314 consequentibus
599 2250 703 2296 rerum
731 2230 916 2297 mortalium
944 2231 1211 2315 corruptionibus.
1249 2251 1321 2296 narn

172 2340 322 2422 pleraque
350 2356 459 2404 eorum
488 2341 546 2402 aut
571 2337 610 2403 de
638 2338 786 2403 uiuorum
815 2357 982 2420 oorporum
1005 2337 1106 2417 uitiis,
1129 2338 1183 2402 uel
1205 2357 1319 2422 purga·

171 2446 288 2512 mentis
327 2445 382 2511 nel
419 2445 672 2511 exhalationibus
710 2447 766 2510 aut
804 2444 993 2511 cadauerum
1029 2444 1103 2509 tabe
1134 2445 1318 2530 gignuntur,

172 2553 325 2636 quaedam
344 2551 441 2617 etiam
460 2552 499 2617 de
511 2552 719 2636 corruptione
737 2553 897 2637 lignorum
917 2555 950 2617 et
966 2552 1145 2630 herbarum,
1164 2552 1317 2635 quaedam

131 2681 155 2719 20
172 2660 209 2724 de
243 2658 498 2743 corruptionibus
521 2659 703 2725 fruetunmr
728 2678 865 2743 qnorum
888 2658 1030 2725 omnium
1057 2678 1119 2725 non
1146 2676 1317 2742 possumus

169 2770 253 2833 recte
282 2766 385 2831 dicere
415 2766 510 2832 deum
537 2784 599 2832 non
629 2786 700 2833 esee
728 2769 913 2833 creatorem.
950 2766 1035 2831 inest
1063 2765 1147 2830 enim
1170 2765 1317 2831 omnibus

171 2873 330 2956 quoddam
359 2874 489 2938 naturae
518 2872 569 2937 sni
597 2872 722 2957 generis
751 2872 860 2952 decus,
888 2872 934 2936 ita
960 2875 997 2937 ut
1024 2872 1056 2935 in
1079 2871 1130 2937 his
1153 2870 1254 2935 maior
1276 2869 1319 2935 eit

170 2979 337 3045 admiratio
374 2979 454 3043 bene
491 2979 720 3046 considerantis
757 2982 790 3045 et
821 2981 892 3045 laus
928 2978 1055 3044 uberior
1091 2977 1317 3061 omnipotentis

169 3085 310 3165 artificis,
340 3085 396 3169 qui
424 3085 532 3150 omnia
557 3086 590 3149 in
618 3086 777 3169 sapientia
803 3085 890 3163 fecit,
914 3104 994 3168 quae
1018 3104 1035 3149 a
1058 3084 1120 3150 fine
1147 3104 1249 3168 usque
1277 3083 1316 3148 ad

128 3192 262 3258 astinem
295 3192 485 3276 pertendens
509 3195 544 3258 et
566 3192 709 3258 suauiter
738 3194 853 3257 cuneta
886 3192 1055 3275 disponens
1088 3210 1146 3257 nec
1179 3209 1216 3256 ea
1247 3190 1317 3274 ipsa

167 3320 272 3365 rernm
301 3300 489 3379 nouissima,
518 3318 598 3383 quae
626 3319 683 3383 pro
712 3300 763 3365 sui
790 3299 916 3384 generis
945 3298 1052 3363 ordine
1086 3298 1315 3374 dissoluuntur,

169 3410 200 3471 et
221 3426 357 3489 quarum
382 3405 628 3473 dissolutionem
652 3425 687 3471 ex
710 3424 812 3490 poena
835 3406 961 3471 nostrae
985 3402 1188 3468 mortalitatis
1212 3403 1316 3468 horre-

168 3530 253 3592 mus,
286 3512 440 3595 relinquit
470 3512 631 3591 informia‚
670 3513 727 3577 sed
760 3515 847 3577 creat
878 3510 1009 3577 minima
1041 3528 1184 3594 corpore,
1223 3511 1316 3574 acuta

255 3706 292 3757 24
310 3704 344 3758 cf.
363 3704 407 3757 Ps.
429 3704 489 3768 103,
508 3704 545 3757 24
597 3704 633 3757 2ὂ
652 3703 686 3759 of.
706 3704 769 3774 Sap.
788 3703 814 3768 8,
834 3703 847 3757 I

200 3810 393 3865 21ιιοιιι.Ε1
496 3814 634 3865 creaturae
655 3812 788 3876 (creature
807 3809 841 3879 P)
861 3824 959 3879 genere
978 3805 1090 3862 PRde
1181 3805 1197 3859 6
1216 3821 1312 3875 propo-

167 3900 254 3971 gande
272 3899 300 3955 R
355 3901 534 3969 igeneraret
550 3899 590 3953 E¹
661 3899 717 3953 illis
736 3898 769 3953 8¹
826 3898 858 3953 11
879 3896 1012 3967 gignendi
1029 3896 1057 3949 P
1120 3894 1152 3948 12
1171 3892 1255 3948 libide
1274 3892 1313 3947 E¹

166 3990 200 4042 14
216 4004 279 4057 cap.
298 3987 380 4042 XIIII
397 3988 428 4042 E
496 3987 659 4059 quibusdam
677 3988 763 4043 ornb
821 3988 854 4041 15
874 3990 916 4040 est
934 3983 1029 4041 omri
1099 3981 1312 4051 conditionibus]

165 4075 431 4149 compactionibusS
482 4077 516 4131 18
534 4077 732 4131 exaltationibus
749 4074 894 4131 E¹P1rso¹
946 4074 981 4129 20
999 4074 1116 4127 fructum
1131 4071 1170 4127 E¹
1224 4072 1256 4125 21
1272 4070 1311 4125 di·

165 4183 223 4221 cere
242 4183 293 4221 om.
308 4164 341 4221 8¹
377 4166 413 4219 22
430 4165 482 4235 ita]
500 4166 538 4219 sio
557 4164 617 4221 de
634 4166 675 4220 ita
692 4166 735 4235 (ia
747 4181 804 4219 roe.
818 4182 853 4218 m.
869 4164 895 4233 2)
910 4163 938 4219 R
975 4162 1009 4217 23
1029 4161 1181 4217 ammiratio
1192 4160 1315 4215 E³PRO

165 4255 357 4310 considerantis
371 4255 401 4330 (n
414 4257 462 4321 er.)
477 4254 506 4311 R
560 4256 597 4309 24
614 4255 726 4309 artificis
740 4271 791 4309 om.
806 4254 843 4307 P¹
918 4253 998 4323 quae]
1015 4251 1061 4321 qui
1075 4250 1146 4305 PRb
1201 4250 1235 4305 25
1250 4266 1311 4303 sua·

164 4344 272 4399 biterP
326 4343 361 4397 27
372 4344 512 4414 qnorumb
576 4343 755 4399 dissolutione
765 4343 804 4396 E¹
869 4342 903 4397 28
915 4340 1041 4396 informia
1051 4340 1070 4411 (i
1080 4341 1129 4407 lio.
1139 4354 1160 4393 e.
1172 4339 1189 4393 l.
1200 4356 1234 4393 m.
1248 4337 1311 4405 llR
