3159 4950
224 486 289 549 220
576 481 602 536 S.
631 481 771 536 Aureli
799 480 1019 550 Augustini
1115 537 1119 545 ,
1193 464 1196 472 ’

222 678 430 762 intellegitur.
455 675 631 741 uerendum
655 680 704 741 cst
728 680 845 755 autem,
871 696 919 756 ne,
945 696 1017 741 cum
1042 676 1178 742 dicimus
1198 694 1260 741 non
1282 675 1369 759 ipsas

222 788 300 849 tune
332 786 460 848 naturas
493 785 589 865 atque
621 783 828 861 substantias,
855 802 935 867 quae
963 784 1088 849 futurae
1116 783 1249 859 fuerant,
1275 782 1369 848 deum

223 890 391 970 creauisse,
424 890 500 955 dum
534 894 653 955 crearet
686 890 792 957 omnia
825 891 932 969 simul,
962 892 1018 956 sed
1051 908 1159 955 earum
1191 890 1369 955 futurarum

222 998 366 1063 causales
399 996 552 1081 quasdam
584 986 732 1073 rationes,
760 998 910 1079 putemur
936 996 1043 1061 inania
1071 996 1227 1080 quaedam
1255 994 1368 1062 dicere.

222 1124 303 1188 quae
326 1106 403 1170 sunt
424 1105 508 1170 enim
529 1104 612 1168 istae
636 1104 781 1169 causales
798 1104 948 1183 rationes,
968 1103 1143 1170 secundum
1163 1122 1241 1187 quas
1260 1106 1371 1187 posset
1400 1124 1414 1164 s

221 1212 284 1276 iam
317 1211 379 1277 dici
412 1210 491 1276 deus
522 1210 637 1275 fecisse
669 1209 831 1275 hominem
864 1210 904 1275 ad
935 1210 1107 1296 imaginem
1140 1228 1242 1288 suam,
1277 1210 1369 1275 cuius

222 1336 337 1400 corpus
359 1318 501 1383 nondum
524 1317 562 1382 de
585 1318 663 1382 limo
686 1316 826 1395 finxerat,
852 1320 904 1382 cui
932 1317 1072 1383 nondum
1101 1318 1238 1383 animam
1266 1314 1368 1381 flando

220 1424 359 1489 fecerat?
383 1427 416 1488 ct
434 1423 573 1507 corporis
592 1422 720 1506 quidem
738 1422 870 1487 humani
889 1422 1015 1489 etiamsi
1033 1422 1096 1489 fuit
1114 1422 1220 1505 alique
1244 1422 1371 1487 occulta

221 1530 312 1608 ratio,
342 1550 405 1613 qua
430 1530 575 1595 futurum
604 1532 680 1605 erat,
708 1532 746 1594 ut
774 1528 972 1605 formaretur,
1003 1534 1070 1595 arat
1092 1534 1126 1595 et
1147 1528 1306 1605 materies,
1331 1528 1369 1593 de

223 1655 286 1720 qua
312 1634 510 1714 formaretur,
538 1635 571 1699 id
599 1639 649 1701 ast
676 1637 769 1713 terra,
798 1634 829 1699 ln
860 1654 921 1719 qua
949 1635 1051 1700 uideri
1079 1638 1187 1719 potest
1209 1634 1266 1699 llla
1287 1634 1368 1699 ratio
1391 1656 1415 1695 ro

221 1742 314 1807 uelut
344 1742 376 1806 in
409 1742 530 1807 semine
562 1742 710 1819 latuIsse3
745 1742 868 1808 animae
901 1746 1007 1808 autem
1047 1742 1223 1819 faciendae,
1250 1741 1284 1806 id
1322 1743 1370 1806 est

222 1850 332 1914 flatum
364 1848 511 1928 faciendi,
544 1849 599 1933 qui
632 1853 718 1915 esset
758 1850 864 1914 aalma
903 1848 1052 1929 hominis,
1085 1868 1166 1931 quae
1206 1848 1253 1914 ibi
1288 1848 1369 1913 ratio

222 1955 360 2021 causalis
388 1954 536 2038 primitus
564 1954 692 2021 condita
720 1958 779 2034 est,
809 1976 881 2021 cum
911 1954 1031 2021 diceret
1059 1956 1151 2021 deus:
1184 1955 1368 2020 faciamus

222 2060 410 2125 hominem
439 2059 482 2125 ad
509 2060 711 2145 imaginem
741 2065 777 2125 et
806 2060 1101 2126 slmiIItudinem
1130 2064 1297 2127 nostram
1325 2098 1369 2107 -

223 2166 397 2250 quodnisi
425 2166 599 2231 secundum
628 2166 764 2232 animam
791 2170 878 2234 recte
909 2168 1055 2253 intellegi
1086 2187 1148 2232 non
1181 2171 1287 2251 potest
1313 2202 1367 2243 -,
1388 2182 1413 2223 ¹⁵

222 2272 250 2338 si
273 2274 362 2338 nulla
384 2277 451 2338 erat
472 2277 595 2352 natura,
618 2274 675 2339 ubi
698 2274 906 2340 conderetur?

267 2379 300 2446 Si
329 2380 413 2445 enirn
441 2379 520 2445 baec
547 2380 628 2447 ratio
655 2382 687 2447 in
717 2381 776 2447 deo
806 2384 882 2461 erat,
911 2400 973 2447 non
997 2382 1028 2446 in
1054 2384 1206 2460 creatura,
1229 2380 1369 2445 nondum

222 2507 296 2572 ergo
330 2491 398 2553 crat
430 2487 580 2555 condita.
597 2490 755 2573 quomodo
788 2509 863 2574 ergo
897 2489 1018 2554 dictum
1051 2491 1114 2555 est:
1152 2487 1247 2552 iecit
1278 2487 1368 2552 deus

221 2593 407 2659 hominem
441 2593 485 2658 ad
516 2594 718 2680 imaginem
752 2595 832 2661 dei?
865 2597 892 2662 si
926 2600 1032 2660 autem
1064 2596 1129 2660 iam
1160 2595 1192 2659 in
1226 2597 1368 2659 creatura

223 2705 299 2779 erat,
331 2701 393 2766 hoc
426 2704 477 2766 cst
512 2703 544 2766 in
581 2701 647 2781 his,
682 2721 762 2785 quae
802 2703 897 2768 simul
936 2703 1041 2768 omnia
1082 2704 1244 2768 crebuerat
1280 2700 1368 2777 deus,
1388 2717 1414 2757 ²⁰

222 2807 253 2870 ln
285 2827 347 2890 qua
379 2797 522 2872 creatura
559 2810 646 2873 erat?
691 2812 801 2872 utrum
843 2809 988 2891 spiritali,
1035 2827 1073 2873 an
1116 2809 1295 2891 corporali?
1342 2805 1370 2871 si

222 2913 367 2996 spiritali,
404 2914 558 2999 agebatne
596 2913 715 2998 aliquia
747 2915 779 2979 in
818 2915 1000 2999 corporibus
1032 2915 1157 2994 mundi,
1200 2933 1257 2980 seu
1300 2932 1369 2979 eae-

220 3019 357 3085 lestibus
390 3039 447 3085 seu
479 3019 705 3086 terrestribus?
737 3023 770 3085 et
797 3021 829 3085 in
859 3041 895 3086 ea
928 3025 995 3086 erat
1030 3021 1091 3087 hoc
1128 3039 1245 3087 uacans
1284 3023 1370 3085 ante·

223 3144 317 3208 quam
340 3126 435 3192 homo
459 3127 490 3192 in
515 3145 574 3192 sua
595 3130 707 3192 natura
733 3127 858 3212 propria
891 3128 1087 3206 conderetur,
1121 3128 1205 3194 sicut
1221 3127 1267 3192 .in
1299 3127 1369 3210 ipso

222 3233 349 3297 homine
376 3233 440 3297 inm
466 3233 626 3316 propriam
655 3233 790 3298 ducente
819 3235 918 3299 ultam
943 3235 1414 3318 latente1·otiosequeincst2⁵

221 3339 300 3404 ratio
324 3339 504 3424 generandi,
523 3359 605 3423 quae
626 3359 689 3406 non
713 3345 861 3425 operatur
882 3341 944 3406 nisi
967 3361 1023 3424 per
1046 3341 1250 3410 concubitum
1274 3345 1370 3424 atque

313 3598 346 3653 13
366 3596 436 3653 Gen.
457 3601 482 3663 1,
501 3600 536 3654 26
592 3600 626 3656 18
646 3599 713 3655 Gen.
734 3601 758 3665 1,
776 3601 811 3656 27

258 3754 398 3828 Itcreassc
416 3773 495 3830 R¹oc
583 3775 780 3846 lputemnsb
871 3775 990 3846 benIm]
1009 3777 1136 3831 autemt
1219 3795 1286 3850 quos
1304 3780 1370 3836 PR¹

224 3863 239 3915 'l
259 3862 350 3916 entma
367 3861 421 3918 PR
502 3863 610 3918 aflando
629 3863 657 3918 P
673 3863 789 3918 „flando
810 3865 850 3928 (af
867 3872 948 3924 eruat
966 3865 995 3921 R
1014 3865 1130 3921 afflando
1150 3867 1188 3922 bd
1276 3869 1292 3924 9
1312 3871 1371 3923 erat

225 3957 290 4005 aare
308 3955 336 4006 et
354 3967 405 4006 our.
426 3951 442 4003 b
515 3953 772 4008 erat-formaretur
790 3955 822 4008 a'u
840 3971 889 4025 ηις.
910 3955 976 4009 add.
997 3973 1031 4009 m.
1052 3957 1063 4010 l
1085 3956 1114 4013 R
1201 3958 1234 4011 12
1251 3958 1332 4012 flatus
1351 3955 1371 4011 d

226 4040 259 4093 15
282 4039 344 4110 nisi]
370 4041 393 4093 si
418 4039 446 4094 P
472 4041 525 4095 nisi
556 4041 595 4108 (nl
623 4058 644 4096 a.
674 4041 692 4096 l.
721 4060 756 4097 m.
786 4045 811 4112 1)
839 4043 868 4100 R
975 4047 1047 4116 recte
1072 4044 1096 4100 S
1200 4063 1255 4100 non
1278 4063 1329 4101 om.
1354 4047 1369 4101 b

225 4128 258 4181 17
283 4145 342 4198 cap,
366 4127 485 4184 XXVIII
506 4129 533 4184 E
639 4131 674 4185 20
695 4133 730 4186 iis
755 4132 774 4186 d
881 4135 913 4188 21
934 4139 1000 4204 poet
1023 4137 1082 4188 erat
1106 4139 1266 4205 repetuntur
1283 4135 1371 4190 uerba

223 4233 293 4271 acere.
318 4221 367 4271 20.
391 4221 442 4271 21.-
465 4219 614 4273 boc-erat
631 4219 655 4274 S
742 4221 777 4274 22
796 4221 905 4276 nrnndia
925 4227 947 4292 (s
967 4227 1049 4290 eros.)
1069 4223 1096 4280 R
1185 4223 1220 4278 23
1239 4225 1278 4295 et]
1298 4242 1332 4279 an
1352 4223 1372 4278 d

224 4305 330 4359 haecd
361 4306 435 4449 Β24
454 4305 609 4362 condiretur
627 4309 693 4364 PR¹
765 4311 800 4366 25
820 4313 954 4382 propriam
976 4315 1012 4379 (m
1032 4329 1052 4368 r.
1074 4313 1090 4367 l.
1111 4329 1145 4368 m.
1166 4315 1192 4380 1)
1212 4313 1243 4368 Ε
1318 4315 1369 4368 oti·

226 4410 343 4463 oraeque
