3159 4950
441 485 482 539 ds
511 484 654 540 Genesi
682 485 725 539 ad
751 485 932 541 litteram
961 484 1027 543 lib.
1055 487 1117 541 XII.
1285 492 1350 557 393

202 682 438 767 proposuimus,
454 702 517 766 quo
530 683 564 747 in
578 701 642 747 una
660 684 818 749 sententia
837 683 943 748 omnia
961 683 1023 748 tria
1041 702 1156 769 genera
1174 682 1351 749 uideantur.

204 808 277 855 cum
302 789 386 854 enim
408 789 542 874 legitur:
571 790 712 874 diliges
740 790 949 873 proximum
973 793 1079 855 tuum
1103 792 1291 871 tamquam
1314 793 1351 856 te

202 896 334 980 ipsum,
368 896 573 979 corporaliter
608 896 733 961 litteras
771 896 930 973 uidentur,
970 896 1154 979 spiritaliter
1189 896 1351 980 proximus

204 1003 371 1087 cogitatur,
400 1002 661 1068 intellectualiter
689 1002 818 1067 dilectio
848 1002 1050 1085 conspicitur.
1084 1002 1140 1067 sed
1169 1006 1201 1069 et
1227 1004 1351 1069 litterae

172 1109 351 1175 sabsentes
382 1112 521 1191 possunt
552 1108 737 1191 spiritaliter
774 1108 909 1193 eogitari
941 1112 974 1174 et
1004 1109 1166 1193 proximus
1202 1128 1351 1195 praesens

202 1218 310 1300 potest
332 1216 537 1299 corporaliter
558 1215 670 1293 uideri,
695 1216 824 1281 dilectio
848 1218 955 1281 autem
979 1235 1038 1281 nec
1059 1236 1116 1300 per
1139 1217 1352 1283 substantiam

204 1342 295 1387 suam
320 1326 430 1405 potest
457 1323 559 1388 oculis
587 1324 727 1405 corporis
755 1324 841 1388 cerni
869 1342 927 1389 nee
955 1342 1011 1407 per
1033 1324 1205 1409 imaginem
1229 1324 1352 1408 corpori

204 1429 342 1494 similem
375 1430 490 1512 spiritu
523 1430 668 1513 cogitari,
702 1430 759 1495 sed
787 1431 1000 1510 solamente,
1027 1432 1061 1496 id
1095 1434 1145 1497 est
1174 1432 1350 1510 intellectu,

204 1536 354 1621 cognosci
377 1539 409 1601 et
431 1536 561 1620 percipi.
589 1537 761 1619 corporalis
790 1556 865 1601 sans
893 1537 975 1603 uisio
1004 1538 1086 1604 nulli
1107 1539 1219 1605 horum
1244 1538 1351 1623 generi

161 1664 187 1703 ιο
204 1644 372 1727 praesidet,
401 1643 458 1708 ssd
486 1644 570 1725 quod
597 1662 654 1727 per
681 1662 751 1707 eam
779 1646 925 1722 sentitur,
949 1646 998 1710 illi
1027 1646 1162 1729 spiritali
1188 1648 1351 1729 tamquam

204 1747 396 1831 praesidenti
423 1749 596 1814 cantatur.
629 1770 702 1814 nam
731 1769 804 1816 cum
833 1751 954 1834 aliquid
977 1754 1078 1818 oculis
1107 1754 1255 1832 cernitur,
1280 1773 1351 1819 con·

203 1854 293 1921 tinus
315 1855 353 1919 fit
374 1856 481 1939 imago
505 1856 574 1920 eius
596 1856 630 1920 in
653 1857 782 1940 spiritu;
808 1859 864 1923 sed
887 1878 949 1925 non
973 1860 1149 1925 dinoscitur
1171 1860 1265 1938 fecte,
1289 1860 1351 1927 nisi

205 1981 278 2027 cum
310 1963 425 2027 ablatis
458 1962 560 2028 oculis
584 1963 623 2028 ab
647 1982 695 2041 eo,
720 1965 805 2047 quod
833 1984 889 2047 per
912 1966 1024 2032 oculos
1051 1967 1250 2047 uidebamus,
1274 1969 1351 2033 ima·

204 2069 310 2152 ginem
352 2069 422 2134 eius
462 2068 494 2133 in
533 2069 637 2137 animo
674 2070 903 2137 inuenerimus.
946 2076 979 2138 et
1020 2074 1178 2157 siquidem
1219 2075 1350 2159 spiritus

162 2200 188 2239 rs
204 2175 400 2241 inrationalis
428 2179 488 2255 est,
516 2177 620 2241 ueluti
647 2178 782 2260 pecoris,
810 2178 871 2243 hoc
899 2198 1001 2263 usque
1029 2182 1115 2246 oculi
1138 2182 1298 2260 nuntiant3
1323 2182 1351 2249 si

205 2284 311 2346 autem
344 2283 450 2347 anima
480 2284 643 2349 rationalis
676 2286 735 2362 est,
769 2284 866 2349 etiam
898 2286 1079 2352 intellectui
1100 2288 1272 2366 nuntiatur,
1296 2290 1351 2371 qui

206 2390 239 2452 et
261 2388 387 2471 spiritui
409 2390 579 2474 praesidet,
603 2394 650 2466 ut,
674 2390 703 2455 si
725 2391 817 2471 illud,
842 2392 927 2475 quod
950 2393 1124 2460 hauserunt
1147 2396 1232 2461 oculi
1255 2398 1351 2479 atqua

205 2494 238 2559 id
266 2496 403 2579 spiritui,
431 2501 468 2562 ut
497 2497 566 2562 eius
593 2497 661 2562 illio
687 2498 794 2582 imago
822 2499 921 2578 fieret,
949 2502 1185 2580 nuntiauerunt‚
1214 2504 1350 2570 alicuius

204 2601 252 2666 rei
274 2602 403 2687 signum
426 2607 486 2680 est,
510 2606 566 2669 aut
587 2604 796 2689 intellegatur
819 2607 979 2687 continuo,
1004 2610 1080 2692 quid
1104 2609 1270 2694 significet,
1296 2614 1352 2676 aut

163 2735 189 2774 20
207 2714 385 2789 quaeratur,
409 2711 558 2793 quoniam
582 2729 639 2776 nec
661 2711 808 2796 intellegi
831 2731 888 2778 nsc
911 2715 1028 2798 requiri
1051 2717 1113 2782 nisi
1136 2717 1242 2784 officio
1264 2738 1351 2784 men·

207 2815 249 2881 tis
272 2819 389 2899 potest.

251 2922 342 2988 Uidit
376 2942 429 2988 rer
465 2925 613 2990 Baltasar
644 2926 796 2993 articulos
829 2947 941 2994 manus
974 2929 1142 2995 scribentis
1169 2929 1201 2996 in
1233 2932 1353 3015 pariete

208 3029 422 3112 continuoque
443 3050 499 3118 per
522 3033 662 3115 corporis
684 3053 816 3099 sensum
838 3035 944 3121 imago
962 3038 1008 3103 rei
1027 3039 1230 3120 corporaliter
1252 3039 1353 3106 factae

208 3135 335 3218 spiritui
357 3137 427 3203 eius
449 3139 595 3221 inpressa
617 3143 668 3205 est
699 3144 795 3224 atque
821 3143 891 3228 ipso
920 3143 992 3209 uiso
1015 3145 1099 3211 facto
1124 3165 1160 3210 ac
1183 3149 1352 3230 praeterito

163 3269 190 3309 as
207 3244 265 3308 illa
294 3244 328 3308 in
360 3246 554 3330 cogitatione
586 3250 761 3331 permensit
776 3303 783 3317 .
800 3250 970 3316 uidebatur
1001 3252 1033 3317 in
1072 3255 1186 3337 spiritu
1224 3256 1255 3318 et
1291 3274 1352 3320 nou

208 3349 462 3435 intellegebatur,
496 3371 553 3418 nec
584 3358 663 3419 tunc
694 3357 895 3422 intellectum
929 3362 996 3424 arat
1023 3359 1085 3426 hoc
1113 3361 1250 3446 signnm,
1280 3381 1353 3426 curn

210 3460 414 3540 corporaliter
444 3461 535 3525 lieret
566 3464 661 3544 atque
694 3463 796 3529 oculis
830 3467 1046 3548 corporalibus
1079 3466 1251 3549 adpareret,
1290 3469 1353 3532 iam

288 3649 316 3701 ’2
333 3647 432 3704 Matth.
450 3650 494 3714 22,
513 3650 548 3705 39

246 3771 474 3842 lproposuimns
497 3775 518 3844 (i
539 3791 560 3828 c.
585 3776 603 3830 l.
628 3793 663 3831 m.
687 3781 712 3843 1)
736 3776 765 3830 Ρ
870 3780 961 3833 omnia
988 3796 1039 3835 om.
1062 3781 1102 3836 E¹
1209 3783 1355 3838 uideantur

210 3875 310 3928 genera
327 3860 420 3916 resa
471 3863 600 3933 asingn
618 3863 647 3920 e
702 3867 854 3935 temporie
874 3867 933 3920 sim.
948 3855 1036 3924 esea
1088 3872 1184 3939 saep.
1203 3870 1309 3927 xvim
1327 3874 1359 3926 rc

210 3965 286 4006 orum
303 3949 331 4004 R
423 3951 456 4004 10
475 3968 508 4005 ea
526 3953 561 4005 Ρι
653 3955 684 4008 11
703 3955 853 4023 presidenti
872 3955 895 4010 S
915 3958 1053 4025 praesenti
1070 3959 1124 4013 PR
1213 3957 1312 4030 aliquit
1329 3962 1357 4015 P

212 4036 245 4090 12
264 4036 430 4101 disnoscitur
449 4043 472 4106 (s
492 4057 551 4110 asp.
570 4059 604 4096 m.
625 4043 652 4108 l)
672 4043 701 4096 P
717 4042 888 4112 dignoscitur
906 4044 944 4098 od
1025 4047 1058 4100 lo
1076 4063 1164 4116 eaepra
1182 4049 1269 4102 ueluti
1289 4050 1355 4105 add.

210 4143 245 4180 sa
263 4128 294 4180 2:
314 4128 395 4182 elisei
411 4135 429 4182 u
446 4129 600 4184 intellectui
617 4131 648 4186 Ε
734 4133 853 4200 ρθιοοτίε
878 4135 903 4200 (ο
922 4135 970 4200 er.)
990 4133 1020 4187 Ε
1109 4138 1141 4190 17
1160 4138 1312 4207 praescidet
1328 4141 1357 4196 R

210 4214 371 4285 hauserunt]
389 4221 523 4272 auxerunt
538 4219 579 4273 E¹
662 4221 695 4274 19
718 4219 784 4289 quid
803 4219 841 4274 Pl
922 4221 956 4273 22
980 4221 1105 4276 baldasar
1124 4223 1303 4282 Sbalthasar
1320 4229 1357 4282 od

211 4303 247 4358 23
266 4321 392 4358 sensuum
412 4307 443 4360 E
530 4308 565 4362 24
583 4308 723 4378 inpraessa
740 4309 795 4366 PR
885 4311 920 4364 25
939 4310 1103 4376 uidebantur
1119 4313 1150 4368 Ε
1224 4320 1252 4369 et
1269 4317 1355 4374 onr.b

212 4394 277 4463 non]
296 4394 414 4448 nondum
433 4395 525 4453 Peos
