3159 4950
221 452 283 514 176
564 446 590 500 S.
620 445 758 499 Aureli
786 444 1008 513 Augustini

219 644 355 707 formata
387 646 445 707 est.
479 643 510 705 in
547 641 664 705 talibus
698 660 780 723 ergo
806 640 918 704 diebus
953 638 1047 703 etiam
1081 638 1186 719 ipsum
1221 636 1258 701 de
1291 637 1369 701 limo

220 751 310 814 tinxit
334 750 423 813 deus,

262 858 374 939 Neque
407 856 489 919 enim
524 855 694 919 dicendum
727 859 777 918 est
811 854 989 917 mosonium
1028 852 1155 935 quidem
1193 857 1280 917 serto
1319 852 1369 917 die

220 965 351 1040 factum,
373 964 524 1028 feminam
544 982 618 1026 uero
637 961 865 1044 posterioribus
886 960 1009 1038 diebus,
1029 960 1190 1042 cumipse
1211 964 1298 1025 serto
1320 960 1369 1023 die

221 1071 419 1155 apertissime
438 1068 560 1134 dictum
580 1069 636 1133 sit:
656 1069 866 1132 masculum
887 1073 923 1133 et
941 1068 1115 1131 feminam
1136 1067 1230 1131 fecit
1249 1087 1311 1132 eos
1332 1070 1371 1131 et
1403 1092 1416 1131 a

220 1177 415 1243 benedixit
430 1196 493 1241 eos
508 1180 541 1240 et
554 1180 667 1251 cetera,
683 1194 763 1257 quae
778 1174 817 1239 de
833 1175 987 1240 anrbobus
1000 1178 1032 1239 et
1041 1175 1080 1238 ad
1090 1175 1200 1239 ambos
1212 1174 1369 1238 dicuntur.

222 1285 315 1349 aliter
348 1303 423 1367 ergo
456 1284 532 1346 tunc
565 1283 657 1346 ambo
693 1283 725 1345 et
757 1301 841 1346 nnnc
874 1282 965 1346 aliter
997 1282 1113 1347 ambo:
1138 1285 1215 1346 tuuc
1248 1280 1372 1345 scilicet

222 1391 397 1456 secundum
428 1388 604 1472 potentiam
636 1408 693 1471 per
723 1388 857 1451 uerbum
891 1388 942 1453 dei
974 1389 1136 1470 tamquam
1175 1388 1371 1453 seminaliter

222 1496 339 1561 mundo
366 1496 510 1571 inditam,
540 1515 613 1559 cum
642 1494 763 1560 creauit
791 1495 897 1559 omnia
926 1495 1033 1573 simul,
1064 1514 1081 1558 a
1109 1494 1225 1577 quibus
1259 1494 1290 1557 iu
1320 1493 1370 1557 die

223 1604 359 1686 septimo
383 1602 550 1683 requienit,
575 1620 610 1665 er
634 1600 750 1682 quibus
780 1601 886 1665 omnia
915 1601 981 1664 suis
1005 1620 1147 1683 quaeque
1170 1600 1368 1683 temporibus
1390 1628 1415 1665 ιο

223 1711 286 1773 iarn
313 1728 370 1791 per
397 1709 596 1773 saeculorum
626 1707 768 1772 ordinem
798 1708 918 1781 fierent,
947 1726 1030 1771 nunc
1059 1710 1165 1771 autern
1194 1707 1370 1771 secuudum

224 1816 443 1899 operationem.
456 1814 664 1897 praebendam
684 1815 891 1896 temporibus,
913 1833 1093 1896 quousque
1113 1834 1196 1879 nunc
1216 1816 1370 1897 operatur,

226 1928 259 1986 et
290 1923 458 2003 oportebat
489 1921 553 1984 iarn
586 1939 644 1984 suo
677 1925 819 2003 tempore
853 1922 920 1985 fieri
952 1920 1052 1983 Adam
1086 1920 1124 1983 de
1156 1922 1233 1985 limo
1272 1924 1372 1985 terrae

225 2029 355 2109 eiusque
379 2028 544 2092 mulierem
569 2047 604 2089 er
628 2028 689 2091 uiri
712 2028 819 2092 latere.

270 2138 300 2203 b.
329 2136 365 2198 In
395 2153 457 2216 qna
484 2134 707 2198 distributione
737 2154 867 2217 operum
902 2134 952 2198 dei
985 2136 1102 2215 partina
1134 2136 1173 2199 ad
1201 2136 1275 2199 illos
1305 2135 1372 2199 dies
1392 2160 1418 2199 15

224 2242 405 2307 inuisibiles
423 2241 660 2323 pertinentium,
679 2242 711 2304 in
732 2240 848 2322 quibus
869 2241 990 2305 creauit
1009 2243 1114 2305 omnia
1133 2243 1239 2318 simul,
1258 2242 1374 2325 partim

226 2349 266 2413 ad
284 2349 375 2424 istos,
394 2348 427 2412 in
452 2348 567 2429 quibus
591 2352 738 2429 operatur
761 2347 877 2412 cotidie
889 2348 1052 2429 'quidquid
1072 2368 1107 2412 er
1126 2349 1191 2413 illie
1209 2352 1372 2431 tamquam

226 2456 400 2522 innotueris
420 2454 677 2539 primordialibus
691 2455 722 2518 in
739 2456 880 2537 tempore
901 2456 1070 2520 euoluitur.
1087 2456 1113 2520 si
1129 2476 1188 2521 non
1208 2456 1374 2539 inportune

227 2583 328 2644 neque
358 2562 492 2627 absurde
521 2562 694 2644 scripturae
723 2562 820 2626 uerba
849 2563 952 2626 secuti
980 2582 1103 2633 sumus,
1137 2583 1216 2646 quae
1249 2583 1307 2627 nos
1336 2563 1374 2626 od

226 2671 304 2734 haec
327 2669 551 2752 distinguenda
569 2669 733 2744 duxeruut
755 2669 932 2733 cauendum
952 2673 1010 2742 est,
1030 2689 1068 2734 ne
1089 2673 1216 2753 propter
1233 2672 1373 2754 ipsarum
1393 2695 1419 2732 πο

227 2796 331 2841 rerum
351 2777 512 2858 aliquanto
528 2775 690 2840 difficilem
705 2776 950 2858 perceptionem
967 2795 1061 2859 qnam
1075 2777 1228 2842 tardiores
1243 2777 1375 2859 adsequi

227 2903 289 2948 nen
313 2883 487 2960 sufficiunt,
509 2886 661 2964 putemur
683 2883 804 2964 aliquid
824 2883 941 2947 sentire
961 2903 996 2948 ac
1016 2884 1130 2962 dicere,
1151 2885 1236 2967 quod
1256 2885 1374 2948 ecimus

229 3009 285 3053 uos
313 3009 371 3054 nec
399 2989 517 3053 sentire
544 3008 602 3053 nec
630 2989 744 3054 dicere.
780 3009 972 3072 quamquam
1001 2977 1086 3054 enim
1113 2991 1374 3072 praecedentibus

229 3096 438 3162 sermonibus.
463 3099 616 3177 qnantum
635 3096 804 3178 potuerim,
824 3097 976 3162 lectorem
995 3097 1247 3178 praestruxerim,
1268 3098 1375 3180 plures

229 3207 334 3265 tamen
359 3202 492 3265 arbitror
516 3202 650 3286 caligare
673 3203 704 3265 in
729 3203 779 3266 bis
804 3203 883 3268 locis
908 3209 940 3267 et
962 3208 1074 3285 putare
1097 3203 1143 3268 ito
1164 3203 1264 3268 fuisse
1288 3204 1375 3286 prins
1390 3219 1416 3258 2⁵

230 3308 389 3373 bominem
414 3309 444 3371 in
468 3307 524 3372 ille
549 3308 597 3372 dei
623 3329 715 3391 opere
740 3329 802 3392 qno
827 3310 923 3374 simul
957 3312 1062 3374 omnia
1098 3313 1203 3376 creata
1230 3316 1315 3388 sunt,
1339 3313 1376 3374 ut

229 3415 369 3496 aliquam
397 3415 496 3478 uitam
526 3413 663 3489 duceret,
693 3420 730 3480 nt
762 3416 813 3478 dei
845 3417 1039 3482 locutionem
1073 3419 1113 3480 ad
1146 3437 1179 3484 se
1213 3418 1374 3493 directam,

267 3640 456 3693 tinctum-
477 3641 691 3711 dictampno.
714 3649 726 3696 l
747 3643 775 3697 R
865 3645 1033 3698 'letennb
1122 3647 1154 3698 12
1173 3643 1379 3715 prebendamS

232 3730 264 3782 13
283 3733 406 3798 tempore
426 3745 474 3782 suo
494 3730 531 3782 bd
597 3733 631 3784 16
651 3731 678 3783 iu
698 3748 748 3785 onr.
769 3731 794 3785 S
861 3734 893 3786 17
913 3732 992 3802 istos]
1013 3735 1080 3788 istos
1100 3735 1220 3803 apositos
1238 3733 1266 3787 R
1285 3732 1375 3801 dispo·

231 3819 299 3870 sitos
320 3818 362 3878 lio
380 3834 430 3886 arry.
444 3821 473 3872 al
486 3819 564 3887 istos)
577 3819 605 3874 P
622 3821 689 3874 istos
710 3821 851 3889 appositos
865 3822 902 3874 bd
955 3821 1067 3876 cottidie
1080 3822 1132 3877 ΕΒ
1185 3821 1312 3891 quicquid
1326 3819 1379 3874 RS

231 3906 334 3960 illosS
389 3908 421 3959 18
441 3907 591 3960 oxuoluoris
612 3911 682 3976 (sup.
704 3909 859 3964 orariola.
882 3911 898 3964 l.
919 3929 952 3964 m.
973 3915 985 3968 1
1008 3911 1085 3978 inps
1154 3911 1276 3964 uoluitur
1288 3907 1378 3963 EP¹S

233 3995 444 4064 importunaclt
493 3998 638 4066 l9neque]
655 4002 736 4067 atque
751 3998 842 4052 PRbd
913 4001 1061 4054 scribturae
1075 4003 1131 4054 ΕΡ
1201 3999 1310 4070 sequuti
1323 3997 1377 4052 PR

232 4085 264 4137 21
285 4087 520 4154 peraeceptioncrn
540 4087 631 4154 (prim
648 4103 697 4139 es
719 4087 736 4139 t.
755 4105 790 4140 an.
814 4089 824 4140 l
848 4089 912 4142 odd.
933 4095 957 4144 et
976 4107 1007 4144 ac
1027 4098 1097 4158 exp.)
1113 4091 1143 4143 E
1211 4089 1324 4158 adsequi
1338 4088 1377 4142 E¹

233 4178 279 4225 art
298 4174 322 4226 si
341 4191 393 4243 que
412 4175 438 4243 (r
457 4191 479 4228 s.
500 4175 517 4227 l.
538 4175 713 4241 starcolrS'
747 4177 781 4229 22
796 4177 910 4246 aliquid]
924 4178 997 4232 aliud
1011 4180 1066 4234 ER
1106 4176 1380 4248 24prestruxcrimS

233 4263 423 4331 perstrurerim
445 4276 477 4326 qs.
498 4262 515 4316 l.
534 4280 568 4316 m.
589 4265 604 4315 2
625 4265 654 4318 el
673 4266 699 4333 p)
719 4266 749 4319 E
791 4266 825 4319 26
840 4273 905 4334 poet
925 4284 976 4336 qno
996 4269 1055 4322 odd
1083 4273 1179 4322 cuncta
1198 4268 1235 4322 bd
1288 4266 1379 4320 omniu

234 4367 284 4403 oar.
304 4351 341 4403 bd
394 4353 426 4403 27
448 4355 525 4404 etut
544 4353 622 4406 deib
695 4354 832 4408 locutione
852 4355 1077 4425 Sloqnutionem
1098 4358 1124 4410 P
1195 4355 1338 4410 directsS
