3159 4950
449 532 490 586 de
519 531 661 587 Genesi
692 531 735 585 ad
762 532 945 585 litteram
974 530 1038 583 lib.
1067 529 1128 583 VII.
1292 532 1353 597 211

208 728 502 794 incommutabilem
531 733 563 792 et
591 726 863 809 incorruptibilem
889 726 994 802 deum,
1018 728 1087 791 tota
1115 744 1223 789 eorum
1256 726 1356 789 mille-

208 836 318 902 formis
340 835 450 900 fabula
472 838 601 918 repente
625 834 786 911 dilabitur,
811 852 906 915 quem
929 832 961 896 iu
986 831 1053 897 suis
1078 831 1168 895 uanis
1198 850 1234 895 ac
1264 830 1356 896 sacri-

117 946 120 950 ’
208 942 288 1027 legis
319 939 481 1005 mentibus
514 940 639 1033 nonnisi
672 940 710 1005 de
744 940 796 1004 dei
832 939 1019 1023 turpissima
1050 938 1266 1003 mutabilitate
1289 938 1357 1021 pin-

207 1051 329 1113 xerunt.

178 1178 190 1217 e
251 1157 322 1222 Non
356 1156 406 1219 est
435 1153 536 1238 igitur
566 1154 716 1219 materies
750 1153 873 1217 animae
906 1152 1062 1215 humanae
1091 1170 1149 1215 uec
1179 1150 1284 1215 anima
1310 1151 1357 1214 iu-

207 1264 382 1331 rationalis.

254 1374 305 1437 12.
332 1370 415 1452 Quid
448 1391 521 1457 ergo
557 1374 615 1449 est,
650 1370 734 1435 unde
767 1369 872 1434 anima
903 1368 981 1432 flatu
1015 1368 1066 1433 dei
1098 1368 1182 1433 facta
1214 1372 1283 1433 est?
1318 1388 1355 1431 au

209 1498 323 1562 corpus
355 1479 485 1563 aliquod
517 1482 583 1544 erat
615 1482 773 1543 terrenum
808 1476 936 1559 quidem
974 1480 1006 1539 et
1042 1474 1230 1539 humidum?
1267 1475 1357 1539 nullo

208 1585 317 1660 mod03
347 1586 421 1649 hinc
450 1586 534 1649 euim
561 1584 669 1668 potius
699 1602 769 1648 caro
794 1582 879 1646 facta
903 1586 961 1647 est.
1001 1600 1072 1645 nam
1097 1580 1172 1662 quid
1197 1580 1283 1644 eliud
1307 1583 1358 1644 est

164 1690 304 1756 alimus
338 1710 433 1773 quam
466 1694 549 1755 terra
580 1690 733 1754 humida?
765 1707 824 1754 nec
857 1688 990 1753 humore
1028 1687 1096 1752 solo
1134 1688 1238 1751 anima
1272 1686 1359 1751 fecta

209 1798 362 1863 credenda
385 1802 436 1863 est
462 1798 553 1882 quasi
576 1815 647 1862 caro
668 1796 706 1862 de
724 1802 818 1874 terra
844 1795 947 1860 anima
970 1795 1008 1859 de
1033 1814 1124 1877 aqua.
1149 1794 1243 1859 nimis
1272 1794 1354 1859 enim

208 1905 380 1969 absurdum
400 1908 450 1970 est
466 1904 539 1970 iude
557 1905 675 1970 factam
698 1906 810 1987 putare
835 1902 972 1967 animam
994 1902 1143 1979 hominis,
1166 1900 1250 1965 uude
1273 1901 1356 1965 tacta

209 2013 259 2076 est
282 2030 352 2076 caro
376 2012 474 2096 piscis
498 2014 531 2076 et
554 2010 704 2076 uolucris.

199 2142 202 2145 ⁴
251 2118 336 2203 llrgo
364 2118 509 2183 fortassis
538 2138 572 2183 er
602 2121 694 2182 aere?
726 2117 802 2182 huic
835 2116 917 2181 enim
948 2116 1105 2181 elemento
1137 2116 1231 2179 etiam
1260 2114 1356 2179 flatus

164 2226 363 2307 1econpetit3
388 2225 443 2290 sed
462 2228 580 2304 noster,
596 2244 657 2289 uon
678 2224 738 2289 dei.
763 2224 847 2289 trude
868 2243 963 2307 supra
982 2222 1118 2286 diximus
1137 2222 1197 2285 hoc
1210 2220 1355 2303 potuisse

208 2334 417 2414 congruenter
439 2332 553 2414 putari,
578 2330 606 2395 si
629 2330 765 2394 animam
788 2328 900 2393 muudi
923 2332 1085 2411 tamquam
1110 2328 1204 2391 unius
1228 2328 1355 2392 maximi

208 2436 377 2502 animantis
402 2437 495 2502 deum
520 2435 730 2514 crederemus,
754 2439 793 2502 ut
814 2436 860 2500 ita
884 2454 952 2500 eam
979 2434 1105 2499 licuerit
1133 2433 1171 2498 de
1195 2452 1265 2499 aere
1289 2454 1356 2501 cor·

208 2544 293 2628 poris
313 2545 373 2609 sui.
394 2545 479 2609 sicut
495 2544 552 2608 flat
571 2547 679 2609 nostra
697 2543 735 2607 de
754 2543 815 2609 sui.
841 2561 913 2606 cum
932 2561 1006 2607 uero
1027 2540 1121 2606 deum
1142 2560 1212 2606 esse
1232 2545 1357 2607 constet

210 2669 305 2734 supra
338 2671 428 2715 omne
463 2649 573 2714 mundi
610 2669 724 2733 corpus
749 2652 782 2714 et
805 2668 901 2731 supra
924 2667 1049 2713 omnem
1078 2647 1236 2730 spiritum,
1261 2668 1354 2731 quem

164 2779 191 2819 eo
209 2759 339 2834 creauit,
362 2755 590 2839 incorporabili
614 2755 742 2821 omnino
765 2755 928 2832 distantia,
947 2755 1103 2837 quomodo
1128 2753 1160 2818 id
1183 2757 1268 2819 recte
1293 2753 1355 2819 dici
1422 2739 1424 2744 ’

208 2867 335 2946 potest?
359 2883 397 2928 an
421 2862 502 2928 forte
526 2866 643 2945 quanto
667 2861 770 2947 magis
795 2861 873 2926 deus
902 2861 1068 2926 uniuersae
1093 2863 1253 2925 creaturae
1278 2880 1354 2926 suae

208 2989 356 3052 praesens
389 2974 440 3034 est
471 2969 701 3051 omnipotentia
733 2969 895 3053 singulari,
929 2971 1017 3032 tanto
1050 2967 1153 3052 magis
1181 2967 1288 3050 potuit
1319 2987 1355 3032 ex

209 3097 278 3142 aere
302 3077 411 3142 flatum
429 3077 542 3154 facere,
563 3097 643 3161 quae
663 3078 768 3142 anima
786 3076 923 3142 bominis
944 3078 1049 3141 esset?
1075 3074 1131 3140 sed
1155 3093 1227 3139 cum
1252 3075 1356 3139 anima

209 3204 270 3249 non
290 3185 333 3250 sit
350 3204 509 3268 corporea.
527 3184 680 3268 quidquid
700 3187 862 3273 autem-ex
880 3183 991 3248 muudi
1011 3183 1169 3265 corporeis
1189 3181 1354 3246 elementis

163 3312 191 3351 se
208 3290 254 3370 tit,
279 3310 464 3375 corporeum
493 3291 537 3357 sit
562 3309 694 3356 necesse
723 3294 784 3378 est
800 3290 896 3372 inque
924 3289 1035 3354 mundi
1068 3288 1234 3354 elementis
1259 3288 1354 3352 etiam

246 3466 258 3518 l
278 3465 353 3519 mille
371 3465 465 3520 formis
482 3463 580 3521 Pasa
668 3465 685 3517 2
703 3464 854 3534 repetente
873 3462 901 3517 P
917 3465 1058 3533 repetente
1076 3462 1105 3517 R
1177 3461 1314 3516 delabitur
1333 3461 1355 3515 S

208 3553 225 3605 3
243 3554 387 3623 pinxerunt
407 3559 438 3621 (a.
459 3555 475 3608 l.
497 3552 563 3610 ado.
581 3570 616 3607 m.
636 3556 657 3607 2
674 3552 972 3620 alfio.)Efin1cruut
990 3551 1136 3621 pinxerunt
1156 3550 1219 3618 (del.
1238 3569 1273 3604 m.
1287 3555 1311 3616 1)
1328 3549 1355 3602 P

207 3642 342 3695 fluxerunt
359 3641 449 3696 12de
537 3643 633 3710 bcap.
652 3639 700 3694 XV
721 3639 751 3693 E
833 3656 883 3693 nec
902 3638 994 3694 omd
1083 3639 1160 3692 lest
1179 3655 1243 3708 ergo
1263 3637 1355 3692 PRbd

209 3730 290 3783 flatus
308 3727 376 3783 E¹P
431 3727 550 3798 equine
568 3727 608 3782 E¹
665 3729 763 3781 tinam
783 3726 860 3797 qnid]
878 3725 1046 3796 numquidb
1111 3725 1144 3780 10
1163 3726 1285 3794 humore]
1303 3725 1353 3787 bu-

209 3835 282 3872 more
303 3818 331 3885 (h
351 3817 402 3872 del.
421 3835 456 3870 m.
478 3818 503 3884 1)
522 3816 553 3871 E
569 3833 660 3870 umore
679 3816 707 3869 P
724 3815 757 3870 dc
776 3815 889 3870 humore
909 3815 928 3868 cl
1000 3815 1057 3868 sola
1077 3814 1092 3867 b
1154 3815 1183 3867 ll
1205 3813 1306 3883 anima]
1327 3816 1354 3868 et

209 3907 299 3960 anima
316 3905 431 3961 PRde
502 3922 522 3959 o
539 3905 620 3959 nimis
637 3903 691 3958 inc.
711 3920 772 3974 cap.
790 3903 856 3958 XVI
873 3903 905 3958 E
953 3904 985 3957 16
1004 3901 1149 3956 murimeb
1206 3902 1238 3955 17
1258 3900 1303 3954 dib
1322 3917 1354 3955 ea

209 3995 273 4049 dum
291 3993 319 4048 P
398 3993 594 4063 utita1utib
685 3991 790 4047 eumS
865 3992 900 4046 20
920 3991 1053 4061 quomodo
1074 3995 1128 4059 (mo
1147 4007 1168 4044 s.
1190 3991 1206 4043 l.
1226 4007 1260 4044 m.
1282 3989 1307 4057 i)
1326 3988 1353 4044 R

208 4084 241 4139 21
262 4099 327 4138 suae
346 4085 485 4137 creaturae
495 4081 533 4136 bd
583 4082 615 4134 in
627 4098 678 4151 mp.
694 4081 759 4135 add.
775 4086 814 4135 est
827 4079 964 4134 acholio-n:
977 4080 1021 4135 Sic
1031 4079 1154 4149 bipacius
1166 4082 1194 4133 et
1207 4078 1353 4132 heraclitus

209 4175 351 4226 senserunt
364 4173 488 4240 sortcese
506 4187 525 4225 a
542 4187 578 4224 m.
596 4174 612 4223 1
628 4171 657 4225 R
742 4169 776 4224 23
797 4187 856 4238 cap.
876 4167 954 4223 XVII
971 4169 1002 4224 E
1085 4169 1120 4222 24
1139 4167 1267 4238 quicquid
1285 4165 1354 4222 E’R

209 4259 354 4332 corporeis]
374 4258 553 4330 corporelhis
578 4259 606 4328 (b
626 4259 692 4314 add.
711 4276 745 4312 m.
766 4263 789 4320 1)
809 4259 837 4313 R
928 4273 999 4327 corp.
1019 4258 1097 4312 elem.
1117 4257 1149 4311 fit
1173 4256 1275 4325 duplic.
1294 4271 1351 4324 poe.

210 4352 259 4405 alt.
279 4351 331 4408 del.
350 4367 385 4404 m.
406 4351 418 4404 1
441 4349 464 4404 S
533 4349 567 4402 25
587 4348 635 4418 sit]
654 4347 743 4401 esseb
847 4349 942 4416 inque]
959 4347 1058 4417 inquee
1077 4346 1160 4401 EPR
1178 4347 1205 4399 in
1225 4345 1322 4415 quibus
1338 4345 1353 4398 b

209 4442 318 4511 inqnem
339 4438 398 4509 (sed
416 4455 430 4493 e
448 4455 483 4492 m.
504 4437 517 4492 1
538 4442 604 4492 mut.
622 4438 654 4490 in
672 4439 680 4490 i
700 4442 726 4491 et
743 4437 793 4490 bus
813 4453 836 4491 ο.
856 4437 872 4490 l.
894 4434 1013 4498 adolla&

1253 4540 1300 4592 14*
