3159 4950
453 490 495 544 de
524 489 669 544 Genesi
697 491 740 544 ad
766 492 950 546 litteram
980 493 1044 546 lib.
1074 493 1106 546 V.
1287 497 1346 560 141

246 687 341 751 Porro
366 690 473 752 autem
497 688 641 771 superior
663 687 799 752 namatio
824 688 945 753 factum
961 688 1046 752 diem
1064 689 1213 772 primitus
1232 689 1352 754 iudicat

202 812 336 874 eumque
359 813 459 857 uuum
479 794 561 858 diem
582 794 727 877 deputat3
751 797 938 877 postquem
959 794 1134 860 secundum
1155 796 1350 872 adnumerat,

203 919 263 982 quo
288 901 484 966 factumest
509 901 754 971 firmamentum,
780 903 813 965 et
835 901 977 979 tertium,
1007 920 1079 983 quo·
1098 902 1221 983 species
1249 906 1351 968 tenue

202 1007 358 1087 marisque
393 1005 535 1089 digestae
570 1010 646 1071 sunt
674 1010 706 1070 et
733 1006 858 1089 lignum
887 1009 981 1089 atque
1010 1007 1139 1072 herbam
1167 1011 1250 1072 terra
1281 1027 1351 1092 pro-

170 1112 300 1176 sdurit.
329 1131 367 1175 an
395 1112 475 1176 forte
503 1112 564 1177 boc
591 1111 672 1176 illud
702 1115 760 1187 est,
786 1113 871 1194 quod
894 1113 926 1176 in
950 1113 1031 1179 libro
1057 1116 1217 1197 superiore
1241 1116 1351 1180 molie-

202 1219 312 1282 bamur
344 1218 509 1284 ostendere
543 1218 638 1282 deum
671 1219 768 1284 simul
801 1219 917 1284 fecisse
951 1221 1065 1294 omnia,
1096 1221 1350 1303 quandoquidem

201 1325 386 1388 narrationis
406 1325 462 1389 illa
481 1325 649 1402 contextio,
671 1344 743 1389 oum
764 1345 818 1390 ser
838 1326 959 1390 dierum
985 1326 1092 1392 ordine
1113 1331 1216 1392 creata
1236 1331 1351 1394 cuncta

202 1434 234 1493 et
256 1435 475 1495 consummata
498 1434 716 1501 memorasset,
741 1451 825 1497 nunc
849 1433 888 1496 ad
913 1453 1010 1496 unum
1035 1433 1118 1497 diem
1143 1435 1248 1499 omnia
1270 1434 1349 1498 redi-

202 1539 319 1621 guntur
341 1536 468 1601 nomine
488 1538 568 1602 caeli
587 1539 738 1602 atterrat
758 1536 907 1602 adiuncto
928 1537 1023 1602 etiam
1043 1539 1194 1603 fruticum
1214 1545 1350 1624 genere?

157 1641 350 1705 ranimirum
382 1645 512 1724 propter
543 1642 629 1724 quod
661 1661 757 1726 supra
790 1645 864 1718 diri,
902 1651 948 1712 ut.
983 1647 1010 1712 si
1043 1647 1189 1712 fortassis
1223 1667 1257 1712 ex
1291 1648 1350 1713 bac

200 1751 308 1812 nostra
344 1747 572 1811 consuetudine
608 1748 849 1833 intellegeretur
881 1751 959 1830 dies,
993 1751 1202 1836 corrigeretur
1238 1753 1349 1830 lector,

201 1873 273 1918 cnm
304 1855 459 1918 recoleret
491 1853 591 1918 uiride
624 1855 691 1939 agri
724 1860 797 1920 ante
830 1857 928 1922 istum
967 1858 1101 1922 solarem
1140 1858 1222 1922 diem
1256 1859 1349 1924 deum

201 1962 328 2037 dixisse,
361 1963 398 2024 ut
429 1965 513 2024 terra
542 1961 741 2044 produceret.
775 1963 821 2026 ita
853 1965 916 2028 iarn
950 1983 1010 2029 non
1048 1984 1084 2029 ex
1122 1966 1183 2030 alio
1223 1969 1349 2031 sanctae

201 2069 375 2152 scripturae
394 2067 475 2132 libro
494 2069 653 2151 profertur
675 2069 907 2148 testimouium,
929 2071 1012 2152 quod
1032 2072 1136 2136 omnia
1155 2073 1252 2136 simul
1271 2073 1349 2137 deus
1375 2104 1377 2108 ¹

156 2195 182 2234 ιι
201 2175 365 2241 creauerit.
395 2175 452 2239 sed
479 2175 585 2239 uicina
612 2175 796 2241 testificatio
825 2179 959 2260 paginae
984 2177 1207 2260 consequentis
1231 2198 1267 2242 er
1290 2180 1350 2243 bac

199 2301 233 2346 re
257 2301 315 2346 nos
339 2281 488 2347 admonet
510 2281 633 2346 dicens:
663 2301 745 2346 cum
773 2282 898 2347 factus
929 2294 987 2347 est
1015 2283 1105 2360 dies,
1134 2285 1229 2348 fecit
1257 2285 1348 2350 deus

202 2388 345 2452 caelum
376 2391 413 2451 et
440 2392 579 2452 terram
608 2392 643 2452 et
672 2407 776 2452 omne
805 2389 927 2453 uiride
957 2391 1048 2474 agri,
1078 2393 1115 2454 ut
1141 2391 1240 2454 istum
1265 2389 1346 2457 diem

202 2498 234 2559 et
257 2495 376 2578 septies
399 2495 567 2579 intellegas
590 2496 771 2578 repetitum,
796 2498 833 2560 ut
855 2495 966 2561 fierent
985 2500 1106 2580 septem
1126 2498 1193 2563 dies
1213 2500 1256 2576 et,
1275 2518 1348 2563 cum

201 2600 292 2665 audis
315 2606 391 2665 tunc
414 2602 498 2665 facta
525 2601 641 2678 omnia,
671 2621 744 2666 cum
767 2602 872 2667 factus
901 2607 951 2667 est
979 2604 1056 2681 dies,
1081 2604 1170 2667 illam
1193 2604 1348 2671 senariam

152 2728 182 2767 ιο
200 2709 253 2772 uel
277 2708 488 2792 septenariam
512 2708 734 2791 repetitionem
758 2709 825 2773 sine
850 2710 1027 2775 interuallis
1050 2730 1208 2775 morarum
1232 2712 1349 2795 spatio·

199 2832 334 2895 rumque
357 2815 581 2897 temporalium
604 2814 731 2892 factam,
756 2816 784 2879 si
803 2817 918 2898 possis,
939 2816 1164 2901 adprehendas,
1190 2818 1218 2883 si
1241 2822 1349 2883 autem

200 2921 340 2984 nondum
372 2921 493 3002 possis,
527 2921 606 2985 haec
637 2922 797 3004 relinquas
831 2922 1055 3005 conspicienda
1087 2924 1278 3003 umentibus,
1312 2930 1348 2989 tu

200 3030 308 3090 autem
341 3045 413 3091 eum
447 3028 604 3110 scriptura
636 3046 697 3092 non
735 3029 899 3093 deserente
936 3028 1153 3095 infirmitatem
1190 3034 1279 3095 tuam
1317 3035 1350 3097 et

199 3137 341 3199 materno
365 3133 492 3197 incessu
516 3138 624 3199 tecum
647 3135 768 3199 tardius
799 3136 981 3200 ambulante
1009 3138 1164 3220 proficias,
1194 3158 1272 3220 quae
1302 3139 1348 3204 sio

152 3264 181 3303 ει
199 3239 351 3321 loquitur,
370 3242 408 3303 ut
427 3239 594 3303 altitudine
619 3240 772 3323 superbos
797 3241 941 3321 inrideat,
964 3243 1179 3327 profunditate
1203 3244 1348 3310 adtentos

199 3348 327 3421 terreat,
354 3345 490 3409 uentate
520 3364 652 3429 magnos
680 3350 801 3429 pascat,
832 3347 1016 3413 affabilitate
1045 3350 1194 3432 paruulos
1219 3352 1347 3415 nutriat.

292 3520 324 3573 14
343 3518 377 3573 cf.
395 3518 477 3575 Eccli.
500 3520 541 3580 18,
562 3522 573 3573 l

235 3626 252 3677 2
266 3632 333 3694 post
351 3625 496 3679 secundum
517 3626 582 3679 add.
601 3643 635 3680 m.
656 3628 672 3680 2
690 3643 711 3681 s.
732 3627 749 3681 l.
769 3627 840 3682 diem
859 3630 889 3682 E
925 3628 1059 3684 diaetam
1080 3634 1117 3688 tm
1137 3648 1170 3685 ec
1188 3646 1200 3683 s
1219 3648 1253 3684 m.
1275 3632 1299 3698 l)
1320 3632 1350 3685 E

200 3716 297 3782 deep.
316 3713 375 3768 llll
392 3714 423 3768 E
480 3715 597 3768 sssimal
616 3715 695 3769 deum
716 3716 828 3771 PRde
887 3718 1044 3772 leontexio
1064 3720 1104 3773 E¹
1177 3724 1273 3773 cuncta
1292 3736 1347 3774 cre-

200 3808 247 3856 ata
265 3802 304 3857 Sb
367 3803 619 3857 8nuncaute1nb
685 3805 719 3859 10
738 3804 806 3859 dixit
824 3804 1020 3861 Edirirnusb
1086 3808 1120 3861 13
1140 3808 1238 3861 dixisse
1259 3810 1347 3876 (pas

199 3910 234 3944 m.
247 3894 260 3945 1
271 3908 292 3946 a.
305 3892 371 3957 th
443 3893 508 3962 iam]
530 3893 611 3946 etiarn
622 3892 650 3945 P
666 3894 748 3946 uiam
764 3895 798 3956 (de
812 3898 860 3961 er.)
871 3895 898 3949 R
971 3897 1119 3966 scripturae
1139 3900 1247 3950 sauctae
1257 3896 1349 3951 Palu

200 3983 235 4035 15
254 3978 392 4051 pagined'
462 3984 503 4051 ex]
525 3984 553 4036 et
572 3984 631 4037 exo
689 3983 722 4037 16
741 3987 879 4038 ammonet
891 3984 944 4039 PR
1001 3986 1035 4039 17
1053 3986 1095 4055 ut]
1113 3986 1178 4040 uto
1251 3987 1345 4056 istum]

199 4067 332 4138 ipsnmS
384 4068 418 4122 18
438 4072 467 4121 et
484 4068 571 4123 om.b
643 4070 764 4140 septiens
783 4070 821 4124 Ρ1
892 4075 1014 4141 repetam
1035 4070 1067 4127 8¹
1126 4073 1159 4126 21
1180 4072 1347 4145 adpraehen-

199 4157 249 4211 das
266 4156 344 4211 ESR
393 4158 619 4212 antemonet
678 4160 712 4213 22
731 4158 862 4229 nondum]
883 4177 936 4213 non
955 4160 1072 4215 PS¹R¹b
1144 4162 1300 4217 ualentibus
1321 4168 1348 4227 (a

198 4262 301 4300 exem
314 4246 385 4315 l)E
441 4246 583 4315 cap.VE
616 4248 829 4303 23cnmom.S
863 4248 1094 4303 tematernosE
1128 4250 1347 4307 taruanorum

199 4334 327 4388 adtentos
341 4332 443 4389 E¹S¹R
497 4332 532 4389 26
551 4353 612 4390 cam
629 4352 697 4391 uoce
713 4338 831 4391 ueritate
850 4337 903 4392 iac.
924 4354 984 4406 capa.
1005 4338 1042 4391 Vl
1060 4340 1090 4393 E
1141 4356 1255 4411 magnos
1275 4342 1347 4407 (ms.

198 4422 218 4475 1.
237 4440 272 4477 m.
293 4423 318 4492 1)
336 4422 364 4479 R
437 4424 612 4479 affabilitates
626 4427 663 4492 (m
683 4429 729 4494 er.)
749 4427 779 4479 E
