3159 4950
576 496 829 568 inperfectus
857 498 969 553 liber.
1146 584 1149 587 ἢ
1277 502 1343 567 497

198 692 391 775 superiorem
423 695 567 778 regulam
600 692 825 759 consideretur.
858 713 933 760 sane
960 696 1013 760 hio
1045 714 1195 779 pecorum
1217 695 1344 761 nomine

199 800 304 866 omnia
326 804 403 884 puto
428 800 606 885 significata
629 818 700 865 esse
724 800 950 885 quadrupedia,
970 821 1051 884 quae
1071 803 1131 867 snb
1151 820 1225 867 eura
1243 802 1343 869 homi·

197 925 273 971 num
296 906 421 972 uiuunt.
445 910 482 971 et
513 906 614 972 uidit
645 907 737 973 dens
761 907 849 989 quia
870 907 1007 973 bonum
1031 912 1109 974 est:
1143 908 1236 974 solite
1260 910 1341 975 aeci-

195 1012 355 1095 piendum.

166 1142 178 1179 a
240 1122 286 1186 Et
309 1120 405 1185 dixit
438 1120 547 1186 deus:
580 1120 764 1186 satiamus
798 1122 988 1187 hominem
1012 1122 1055 1187 ad
1078 1123 1283 1207 imaginem
1305 1127 1343 1188 et

198 1226 492 1295 similitudinem
524 1229 701 1295 nostram.
736 1234 768 1293 et
795 1228 847 1293 hie
875 1229 1155 1295 animaduertenda
1187 1228 1341 1311 quaedam

196 1338 230 1401 et
252 1336 431 1402 ooniunotio
456 1339 489 1400 et
511 1335 659 1401 diseretio
679 1335 897 1402 animantium.
921 1356 994 1402 nam
1013 1337 1125 1402 eodem
1148 1336 1198 1401 die
1221 1336 1341 1402 fartum

196 1442 356 1509 hominem
389 1442 477 1521 dicit,
503 1462 565 1526 quo
598 1444 737 1520 bestias3
762 1447 839 1509 sunt
862 1444 946 1509 enim
970 1444 1067 1509 simul
1090 1442 1196 1509 omnia
1217 1446 1342 1509 terrena

195 1549 374 1615 animantia.
410 1552 569 1616 ettamen
593 1553 722 1634 propter
745 1550 964 1615 excellentium
996 1549 1138 1628 rationis,
1163 1549 1340 1615 seeundum

25 1712 30 1720 .
150 1674 175 1715 ro
196 1674 290 1738 quam
314 1656 353 1720 ad
375 1656 546 1741 imaginem
570 1656 622 1721 dei
645 1659 678 1721 et
701 1655 944 1722 similitudinem
967 1656 1105 1721 efficitur
1126 1656 1232 1732 homo,
1251 1673 1340 1737 sepa·

194 1763 285 1827 ratim
311 1762 348 1827 de
369 1762 427 1829 illo
451 1762 577 1840 dieitur,
596 1765 766 1846 postquam
785 1762 825 1827 de
844 1763 958 1827 aeteus
976 1762 1109 1828 terrenis
1127 1762 1340 1827 animantibus

194 1869 287 1933 solite
303 1870 489 1933 eouelusnm
505 1871 555 1935 est
568 1868 716 1933 dicendo:
732 1870 767 1933 et
787 1868 888 1932 uidit
902 1867 994 1933 deus
1009 1868 1097 1950 quia
1111 1868 1249 1934 bonum
1270 1870 1339 1937 est.

238 1974 507 2041 Considerandum
545 1973 641 2039 etiam
677 1973 770 2051 illud,
804 1975 889 2058 quod
919 1974 953 2039 in
986 1973 1098 2039 aeteus
1131 1973 1209 2039 dixit
1240 1973 1339 2041 deus:

192 2080 273 2146 fiat.
299 2086 335 2145 et
358 2082 502 2147 fautum
526 2084 602 2158 est3
635 2080 687 2147 hie
710 2084 819 2145 autem
843 2080 922 2146 dixit
944 2080 1042 2145 deus:
1075 2079 1274 2158 faciamus,
1302 2084 1340 2145 ut

149 2212 173 2251 η
193 2188 253 2254 hoo
286 2205 411 2271 quoque
438 2186 532 2253 modo
556 2188 696 2254 uoluerit
718 2187 850 2271 spiritus
874 2193 1003 2253 sanetus
1026 2187 1183 2251 humanae
1206 2188 1339 2251 naturae

191 2293 350 2358 insinuare
368 2292 604 2377 praestantiam.
620 2292 790 2358 unientem
807 2311 891 2357 nuno
909 2292 1030 2358 diotnm
1052 2294 1121 2357 est:
1140 2292 1337 2371 faciamus,

190 2398 252 2465 nisi
275 2400 326 2465 eui
350 2399 512 2465 dicebatur
529 2400 562 2463 in
581 2400 713 2466 ceteris:
737 2399 834 2464 fiat?
868 2399 991 2465 omnia
1019 2398 1102 2464 enim
1126 2398 1336 2484 peripsum

190 2505 291 2572 saeta
324 2512 411 2572 sunt
443 2510 479 2572 et
516 2506 597 2572 sine
634 2508 716 2590 ipso
754 2507 897 2572 fantum
934 2510 992 2570 ost
1028 2505 1136 2571 nihil.
1170 2506 1227 2572 sed
1260 2506 1337 2589 quid

189 2618 340 2697 putamus
369 2615 461 2680 aliter
489 2614 609 2681 dietum
638 2633 727 2680 esse:
760 2614 843 2690 fiat,
866 2613 929 2678 nisi
951 2617 990 2678 ut
1010 2613 1080 2697 ipse
1103 2614 1222 2678 faceret
1243 2613 1353 2680 iussn·

144 2745 171 2785 ro
188 2721 298 2804 patris,
329 2724 361 2787 et
392 2721 503 2787 aliter:
536 2721 731 2798 iaciamus,
764 2720 827 2786 nisi
849 2723 887 2784 ut
910 2721 1002 2785 ambo
1030 2719 1149 2803 pariter
1170 2719 1334 2786 facerent?

189 2846 227 2892 an
260 2828 366 2894 omnia
396 2847 475 2910 quae
507 2828 586 2894 iaoit
616 2831 715 2913 pater,
748 2847 805 2912 per
835 2827 938 2892 filium
969 2827 1047 2892 faoit
1078 2831 1112 2892 et
1142 2826 1213 2892 ideo
1250 2847 1334 2894 nuno

191 2935 414 3013 „faciamus“
433 2935 627 3013 dictumest,
644 2937 682 2998 ut
693 2935 757 3017 ipsi
771 2934 903 3015 homini,
918 2936 1047 3018 propter
1065 2953 1159 3017 quem
1178 2934 1335 3017 scriptura

186 3041 257 3126 ipsa
287 3041 372 3106 faeta
400 3043 459 3119 est,
482 3041 528 3106 ita
558 3040 590 3105 in
615 3060 648 3106 se
671 3040 741 3124 ipso
774 3040 1043 3105 demonstraretur
1075 3060 1113 3106 ea
1135 3059 1215 3124 quae
1243 3042 1330 3107 filius

187 3149 311 3214 dicente
343 3152 431 3231 patre
463 3148 541 3212 facit
573 3147 668 3212 etiam
700 3147 808 3231 ipsum
840 3149 962 3229 patrem
995 3148 1108 3225 faeere,
1132 3152 1169 3212 ut
1191 3147 1276 3230 qnod
1298 3149 1330 3213 in

137 3255 298 3320 moetoris
322 3253 503 3320 dicebatur:
536 3254 616 3322 fiat.
650 3257 687 3318 et
717 3253 863 3318 santum
894 3257 963 3332 est,
992 3254 1044 3318 hio
1073 3257 1247 3337 exponatur
1268 3274 1331 3321 non

185 3361 354 3446 separatim
372 3361 473 3426 tuisse
492 3360 663 3426 dictionem
682 3363 715 3425 et
733 3360 903 3445 separatim
923 3361 1121 3426 effectionem
1139 3359 1195 3426 sed
1210 3363 1332 3426 utrum-

185 3487 247 3552 que
270 3468 377 3548 simul,
403 3487 475 3533 oum
498 3467 551 3534 hie
574 3467 707 3532 dieitur:
732 3467 944 3532 iaciamus?

227 3575 273 3640 nt
301 3573 394 3639 dixit
422 3573 533 3640 deus:
560 3575 747 3640 faoiamns
776 3573 963 3638 hominem
992 3573 1034 3637 ad
1062 3573 1267 3658 imaginem
1290 3575 1329 3637 et

183 3680 477 3746 similitudinem
501 3683 678 3746 nostram.
703 3679 805 3744 omnis
828 3680 935 3764 imago
959 3679 1145 3744 estsimilis
1170 3679 1209 3758 ei,
1235 3679 1327 3744 ouius

271 3873 287 3925 5
306 3871 373 3926 Gen,
395 3873 418 3936 1,
437 3871 472 3926 26
529 3871 639 3928 1710h.
659 3872 683 3934 1,
704 3871 720 3924 3
775 3911 778 3916 .

217 3978 230 4031 1
251 3978 426 4048 superiorem]
446 3978 552 4048 puriore
567 3978 589 4048 (d
601 3977 689 4048 priore
701 3978 733 4032 ior
746 3994 797 4048 mg.
809 3995 844 4032 m.
859 3982 888 4039 2)
911 3978 937 4032 Τ
953 3979 1068 4048 priorem
1087 3977 1147 4031 ML
1202 3977 1326 4048 deolite]

179 4066 259 4120 solite
278 4067 362 4137 nceipi
385 4067 411 4120 V
464 4066 686 4120 iconiuntioV
739 4065 842 4122 8dicit
859 4083 911 4122 om.
929 4066 1007 4120 ΜΗ)
1061 4065 1284 4120 9exeellantium
1298 4065 1325 4120 L

179 4155 211 4209 11
233 4160 298 4210 onte
315 4157 458 4226 postquam
477 4155 603 4210 immor
621 4156 664 4209 oui
686 4155 741 4210 VT
821 4155 853 4209 12
872 4155 958 4209 solide
976 4155 1038 4209 ML
1119 4155 1152 4209 13
1171 4155 1250 4225 dixit]
1269 4171 1324 4208 nou

178 4241 247 4298 dixit
266 4245 303 4299 od
361 4247 391 4300 14
410 4243 561 4298 fiat-deus
580 4260 631 4300 om.
650 4243 750 4300 MLod
805 4245 838 4298 16
856 4243 1050 4298 insinuand'L
1106 4244 1139 4297 17
1157 4243 1211 4298 nisi
1229 4258 1281 4298 om.
1300 4243 1328 4295 V

178 4333 213 4388 24
231 4331 451 4404 interemerat
473 4332 500 4387 V
587 4333 660 4403 quod
679 4347 730 4388 om.
754 4333 779 4387 V
867 4333 902 4388 28
920 4333 1051 4388 iaciamus
1068 4331 1205 4388 hominem
1224 4348 1275 4387 om.
1300 4331 1327 4385 V

177 4421 212 4476 29
232 4421 329 4475 similis
348 4425 391 4476 est
413 4421 535 4476 TMLoo

230 4545 334 4584 xxviii.
350 4547 410 4594 Aug.
424 4550 479 4585 sect.
493 4545 528 4585 111
542 4555 594 4596 pars
610 4549 628 4585 l.
1215 4526 1250 4581 32
