3159 4950
457 445 492 499 de
521 439 664 500 Genesi
691 438 736 492 ad
760 439 943 492 litteram
971 439 1035 492 lib.
1060 437 1124 492 IIII.
1309 443 1370 504 131

223 657 312 702 meus
336 637 472 702 formata
496 638 546 701 est
577 636 672 716 atque
696 635 728 700 iu
753 653 812 699 sua
835 637 947 700 natura
974 635 1059 698 facta
1088 638 1146 712 est,
1175 654 1237 700 non
1267 637 1372 700 autem

224 744 298 808 alibi
326 744 527 826 sequebatur,
556 745 593 806 ut
619 742 709 806 lieret
724 795 732 808 .
749 745 781 805 et
803 742 874 807 ideo
898 761 960 806 nou
985 742 1073 824 prius
1098 741 1218 806 dictum
1244 745 1307 807 est:
1338 745 1375 806 et

224 851 278 916 sic
301 853 361 914 est
384 849 537 928 factum,
563 852 595 912 et
617 851 730 930 postea
757 848 879 913 dictum
905 853 968 913 est:
998 848 1129 913 etfacit
1153 849 1232 914 deus
1255 850 1372 915 lucem.

224 957 280 1022 sed
298 956 447 1021 contiuuo
466 958 541 1039 post
558 955 693 1020 uerbum
713 955 764 1020 dei
783 955 868 1020 facta
887 959 937 1020 est
954 956 1008 1019 lux
1029 955 1234 1038 adhaesitque
1255 956 1374 1020 creanti

193 1063 288 1128 eluci
310 1064 364 1127 lux
387 1067 503 1140 creata,
532 1061 645 1126 uidens
673 1062 763 1126 illem
793 1065 824 1126 et
852 1081 886 1128 se
915 1062 946 1126 iu
974 1061 1039 1138 illa,
1069 1060 1101 1124 id
1130 1065 1180 1126 est
1207 1062 1374 1138 rationem,

224 1188 286 1251 qua
312 1170 398 1234 facta
427 1173 485 1234 est.
524 1168 607 1232 uidit
635 1169 731 1233 etiam
760 1187 795 1233 se
824 1169 855 1232 in
885 1187 929 1246 se,
959 1167 1005 1232 id'
1024 1171 1074 1232 est
1106 1168 1254 1246 distante,
1288 1169 1374 1251 quod

222 1275 344 1340 factum
363 1278 422 1352 est,
438 1277 477 1341 ab
498 1295 546 1352 eo,
566 1275 621 1359 qui
639 1275 725 1341 lecit.
745 1280 778 1340 et
797 1275 868 1340 ideo
888 1295 960 1340 cum
979 1276 1156 1358 placuisset
1175 1275 1232 1340 deo
1252 1275 1372 1340 lactum

224 1383 355 1460 uidenti,
385 1383 460 1466 quia
486 1383 605 1448 bouum
634 1385 693 1458 est,
723 1387 756 1446 et
783 1383 888 1448 diuisa
916 1385 1002 1448 esset
1040 1383 1093 1446 lux
1123 1403 1140 1446 a
1167 1382 1306 1446 tenebris
1341 1385 1374 1446 et

222 1492 335 1552 uocata
360 1491 414 1552 lux
443 1488 511 1554 dies
541 1494 573 1554 et
600 1490 748 1554 tenebrae
776 1509 845 1566 uox,
875 1488 1038 1562 facte'est
1074 1493 1107 1554 et
1129 1507 1272 1572 uespera,
1299 1489 1376 1570 quia

179 1621 206 1659 ιο
222 1595 400 1660 necessaria
424 1599 491 1661 erat
514 1601 546 1660 et
568 1597 631 1661 ista
655 1596 805 1680 cognitio,
831 1616 893 1677 qua
917 1596 1167 1680 distingueretur
1191 1615 1208 1659 a
1232 1599 1372 1660 creatore

224 1707 365 1767 creatura
393 1704 486 1767 aliter
514 1703 544 1766 in
573 1722 608 1768 se
635 1702 705 1785 ipsa
733 1703 861 1786 cognita
890 1721 984 1786 quam
1012 1703 1043 1767 iu
1072 1703 1143 1780 illo;
1174 1707 1268 1785 atque
1301 1702 1373 1767 inde

223 1827 313 1872 mane
333 1814 366 1872 et
385 1809 472 1873 aliud
486 1809 767 1892 praenoscendum,
784 1809 870 1892 quod
885 1809 987 1874 luerat
1003 1811 1099 1874 uerbo
1115 1808 1165 1874 dei
1181 1808 1372 1887 laciendum,

222 1915 309 1996 prius
332 1915 364 1978 iu
389 1915 568 1998 cognitione
597 1917 713 1980 mentis
743 1915 916 2000 angelicae,
942 1915 1055 1980 deiude
1078 1916 1109 1979 in
1136 1919 1247 1980 natura
1269 1915 1374 1999 ipsius

223 2021 421 2086 firmamenti,
447 2025 479 2085 et
501 2021 573 2086 ideo
602 2021 680 2086 dixit
708 2021 801 2087 deus:
831 2022 902 2086 fiat
929 2023 1222 2088 firmamentum.
1253 2025 1290 2086 et
1318 2022 1373 2086 sie

180 2165 205 2205 ,5
223 2130 280 2192 est
302 2127 454 2206 factum,
479 2128 511 2192 iu
534 2128 716 2213 cognitione
740 2128 892 2210 spiritalis
917 2131 1076 2194 creaturae
1102 2127 1161 2193 hoc
1185 2129 1371 2210 priusquam

221 2235 254 2298 iu
286 2253 323 2298 eo
356 2234 426 2316 ipso
459 2235 549 2299 fieret
579 2236 828 2316 praenoscentis.
869 2235 980 2300 deinde
1008 2235 1102 2300 fecit
1130 2234 1222 2299 deus
1251 2234 1372 2298 firma—

221 2345 397 2417 mentum,
421 2341 484 2405 iam
508 2342 619 2424 utique
642 2341 745 2422 ipsam
768 2342 958 2406 firmamenti
982 2345 1137 2417 naturam,
1159 2341 1251 2406 cuius
1270 2341 1374 2406 minor

223 2452 307 2513 esset
330 2452 491 2530 tamquam
518 2449 700 2532 uespertiua
722 2449 864 2533 cognitio
880 2472 889 2514 t
905 2467 940 2514 ac
965 2450 1012 2514 sie
1039 2468 1142 2531 usque
1166 2448 1204 2513 ad
1229 2447 1371 2513 omnium

223 2574 353 2637 operum
385 2555 479 2620 linem
514 2558 548 2621 et
579 2575 681 2637 usque
715 2557 753 2620 ad
785 2557 927 2639 requiem
961 2556 1020 2633 dei,
1060 2576 1139 2638 quae
1178 2575 1239 2619 uon
1276 2554 1374 2619 hebet

177 2698 204 2737 ao
221 2679 399 2743 uesperam,
424 2663 582 2745 quianon
607 2666 658 2727 est
681 2662 764 2727 foeta
787 2664 874 2727 sicut
898 2666 1050 2740 creatura,
1080 2668 1116 2727 ut
1143 2664 1252 2746 posset
1277 2662 1372 2725 etiam

222 2767 324 2849 ipsius
348 2768 502 2851 geminari
526 2769 677 2852 cognitio,
702 2772 865 2851 tamqnam
884 2770 970 2852 prior
988 2774 1021 2833 et
1039 2769 1139 2835 maior
1154 2770 1185 2833 in
1207 2768 1302 2833 uerbo
1324 2768 1373 2831 dei

222 2873 306 2937 sieut
327 2873 360 2937 in
385 2874 434 2939 die
454 2880 487 2939 et
503 2875 661 2958 posterior
684 2894 720 2940 ao
744 2875 848 2939 minor
870 2876 903 2939 in
927 2896 961 2943 se
983 2876 1054 2959 ipsa
1078 2876 1162 2941 sicut
1176 2875 1208 2939 in
1227 2892 1371 2956 uespera.

266 2981 318 3045 33.
344 2980 406 3045 Sed
430 2982 458 3045 si
483 2982 589 3047 omnia
612 2982 711 3045 simul
733 3000 823 3047 mens
849 2980 992 3064 angelica
1014 2985 1132 3063 potest,
1157 3000 1237 3065 quae
1262 2981 1372 3064 singil-

220 3086 310 3150 latim
346 3106 403 3169 per
440 3088 581 3153 ordinem
618 3107 806 3154 conciacum
845 3106 1011 3153 causarum
1050 3107 1153 3153 sermo
1191 3087 1372 3171 distinguit.

175 3224 202 3261 n
221 3193 375 3275 numquid
399 3194 496 3258 etiam
519 3214 599 3277 quae
623 3196 750 3269 fiebant,
769 3194 862 3259 uelut
884 3195 992 3277 ipsum
1015 3194 1261 3271 firmamentum,
1281 3196 1373 3259 uelut

221 3318 373 3381 aquarum
389 3302 594 3385 congregatio
610 3302 796 3384 speciesque
812 3300 930 3364 nudata
944 3304 1109 3368 terrarum.
1120 3304 1211 3365 uelut
1220 3301 1371 3365 fruticum

222 3408 253 3469 et
285 3406 431 3471 arborum
465 3408 663 3491 germinatio,
687 3407 893 3472 luminarium
922 3410 953 3471 et
987 3406 1126 3471 siderum
1151 3408 1370 3482 conformatio,

221 3514 375 3595 aquatilia
397 3515 622 3597 terrestriaque
648 3514 829 3590 animantia,
856 3514 952 3578 simul
986 3514 1091 3577 onmia
1115 3514 1198 3578 lacta
1222 3517 1306 3591 sunt,
1336 3533 1372 3579 ao

258 3738 357 3791 lalibi
377 3736 512 3791 autemS
559 3738 623 3789 2et
642 3742 706 3791 ante
724 3737 763 3789 sic
782 3752 834 3791 om.
855 3736 990 3791 E¹PRSb
1045 3736 1117 3807 3et]
1138 3738 1185 3791 sud
1204 3737 1257 3791 PR
1330 3741 1372 3791 est

219 3842 270 3881 orie.
290 3827 328 3881 od
399 3828 428 3879 et
446 3842 498 3879 ona.
515 3824 544 3879 R
624 3824 823 3893 dadhesitque
842 3824 921 3879 ΕΒΗ
993 3824 1096 3878 creanti
1117 3828 1144 3888 (n
1164 3840 1185 3878 s.
1205 3824 1223 3877 l.
1243 3840 1276 3878 m.
1298 3825 1323 3891 1)
1343 3824 1371 3879 R

220 3915 314 3984 silla]
334 3914 409 3968 illam
428 3913 490 3968 81³²
562 3914 690 3967 9tebrae
709 3913 747 3967 Ρι
821 3914 854 3967 12
875 3916 913 3983 et]
932 3912 1005 3967 add
1082 3912 1312 3982 praenoscendum
1331 3914 1370 3966 Ε1

219 4002 502 4073 praecognoscendum
511 4000 667 4057 E²PRStd
737 4002 874 4055 fuerith
931 4002 963 4056 13
978 4000 1196 4071 cognitionemS
1250 4002 1283 4055 15
1298 4018 1370 4055 crea-

219 4097 295 4145 turae
314 4091 445 4162 spiritalis
464 4090 581 4145 PRde
643 4091 677 4144 16
695 4090 774 4144 fieret
790 4092 820 4143 in
841 4106 871 4143 eo
891 4090 990 4159 ipsud
1053 4092 1088 4145 20
1106 4076 1229 4161 possitS
1289 4090 1322 4143 21
1343 4090 1371 4141 in

219 4180 313 4235 om.S
412 4182 446 4235 23
466 4196 542 4233 mens
562 4180 644 4233 simul
661 4180 728 4235 Boo
829 4179 864 4233 25
884 4179 966 4233 uelud
989 4179 1081 4247 ΜΒ
1179 4180 1213 4234 26
1237 4182 1371 4233 terrarum

219 4268 320 4323 nudata
338 4268 432 4324 Peos
502 4268 644 4322 fructicum
664 4267 845 4323 Simeticum
866 4268 894 4321 R
948 4268 981 4321 27
1002 4268 1205 4321 confirmatiol)
1260 4268 1295 4321 28
1315 4268 1371 4319 ter·

219 4358 368 4428 restriaque
387 4358 427 4412 Ει
500 4374 531 4411 ae
549 4358 615 4427 nou]
633 4374 724 4411 annon
742 4356 857 4411 PRde

1266 4462 1299 4515 9.
