3159 4950
269 428 308 490 12
620 421 646 476 S.
679 420 818 474 Aureli
849 418 1071 488 Augustini

266 617 371 700 aliquo
396 617 447 682 die
471 617 549 681 dixit
581 635 619 680 an
653 619 724 680 ante
758 634 884 680 omnem
909 614 1014 679 diem?
1048 615 1076 679 si
1108 615 1192 678 enim
1225 615 1322 680 uerbo
1355 616 1416 681 sibi

265 727 430 789 coaeterno
454 724 542 803 dixit,
566 723 625 788 hoc
649 724 759 806 utique
782 723 1034 805 intemporaliter
1057 722 1148 798 dixit
1183 721 1212 787 si
1239 740 1314 787 uero
1337 726 1417 787 tem-

263 832 413 914 poraliter
445 832 532 909 dixit,
564 851 626 896 non
659 831 757 895 uerbo
791 831 853 896 sibi
887 833 1062 908 coaeterno,
1099 830 1154 895 sed
1188 849 1245 913 per
1278 830 1415 912 aliquam

265 942 437 1003 creaturam
462 939 541 1003 dixit
562 938 780 1021 temporalem.
806 957 842 1002 ac
865 957 920 1020 per
948 937 1009 1001 hoc
1037 955 1099 1002 uon
1124 937 1185 1002 erit
1206 937 1310 1021 prima
1333 955 1415 1001 crea-

263 1049 335 1110 tura
362 1047 426 1124 lux,
460 1046 534 1128 quia
569 1046 632 1108 iam
667 1045 743 1122 erat,
777 1064 833 1127 per
866 1063 961 1127 quam
993 1044 1212 1126 temporaliter
1244 1045 1414 1108 diceretur:
1451 1067 1466 1106 s

263 1153 334 1217 fiat
363 1154 434 1219 lux.
484 1154 578 1236 atque
601 1151 684 1215 illud
707 1154 779 1215 ante
804 1169 930 1216 omnem
958 1150 1044 1215 diem
1066 1151 1182 1216 fecisse
1205 1150 1413 1235 intellegitur,

263 1260 348 1343 quod
372 1260 493 1325 dictum
528 1263 591 1324 est:
629 1260 665 1323 in
704 1258 894 1341 principio
933 1257 1028 1322 fecit
1065 1257 1156 1323 deus
1194 1257 1340 1322 caelum
1378 1261 1416 1322 et

262 1372 409 1445 terram,
433 1370 470 1431 ut
503 1367 582 1431 caeli
613 1365 740 1430 nomine
772 1366 978 1450 intellegatur
1010 1364 1162 1447 spiritalis
1189 1365 1254 1428 iam
1275 1364 1360 1428 facta
1382 1368 1415 1427 et

262 1473 395 1539 formata
418 1477 570 1551 creatura,
594 1475 757 1554 tamquam
782 1474 907 1537 osclum
935 1472 1016 1536 caeli
1043 1471 1151 1549 huius,
1175 1471 1260 1553 quod
1287 1470 1319 1534 in
1348 1489 1414 1535 coi·-

259 1581 390 1664 poribus
414 1600 575 1646 summum
600 1583 658 1644 est.
683 1580 823 1644 secundo
848 1579 932 1643 enim
956 1579 1007 1644 die
1029 1579 1150 1643 factum
1171 1581 1220 1642 est
1235 1577 1411 1641 firmamen·
1431 1601 1465 1640 ιο

260 1692 340 1765 tum,
364 1688 449 1770 quod
471 1707 581 1752 rursus
606 1687 728 1752 caelum
752 1687 936 1770 appellauit.
960 1689 1063 1750 terrae
1088 1693 1195 1749 autem
1218 1684 1344 1748 nomine
1367 1684 1413 1747 in-

261 1794 402 1858 uisibilis
425 1797 458 1858 et
480 1795 698 1877 incompositae
727 1813 763 1858 ac
793 1794 961 1858 tenebrosa
990 1794 1104 1877 abysso
1132 1791 1318 1874 inperfectio
1347 1809 1413 1856 cor-

259 1900 377 1982 poralis
401 1901 597 1966 substantiae
622 1899 801 1985 significata
824 1905 883 1980 est,
903 1901 986 1965 unde
1005 1899 1193 1983 temporalia
1211 1899 1268 1963 illa
1290 1898 1413 1975 fierent,

262 2024 396 2087 quorum
419 2007 520 2090 prime
544 2010 630 2072 esset
652 2008 714 2073 lux.
833 2027 847 2066 e

305 2110 470 2190 Quomodo
495 2117 602 2177 autem
624 2133 680 2196 per
704 2117 890 2190 creaturam,
925 2132 1019 2195 quam
1051 2113 1129 2178 fecit
1157 2117 1229 2177 ante
1258 2117 1411 2197 tempora,
1431 2136 1463 2173 ιε

261 2221 323 2286 dici
350 2220 457 2303 potuit
483 2221 713 2302 temporaliter:
738 2221 810 2284 fiat
841 2221 913 2297 lux,
937 2220 1080 2284 inuenire
1101 2220 1229 2285 difficile
1254 2222 1313 2285 est.
1333 2239 1410 2284 sono

260 2328 349 2392 nocis
374 2327 457 2391 enim
480 2346 541 2391 non
565 2327 783 2410 intellegimus
808 2328 944 2403 diotum;
977 2346 1051 2391 nam
1076 2327 1230 2409 quidquid
1263 2329 1312 2391 est
1334 2327 1409 2401 tale,

260 2453 444 2518 corporeum
475 2438 533 2499 est.
559 2454 597 2498 an
622 2453 657 2499 ex
681 2435 737 2499 illa
760 2435 987 2517 inperfectione
1015 2433 1214 2499 substantiae
1239 2435 1411 2517 corporalis

259 2541 336 2606 fecit
359 2541 498 2623 aliquam
522 2561 635 2607 uocem
660 2561 850 2625 corpoream,
870 2561 926 2624 per
946 2561 1039 2624 qnam
1065 2545 1205 2606 sonaret:
1229 2542 1302 2605 fiat
1322 2543 1411 2606 lux?

260 2667 333 2730 ergo
359 2647 487 2728 aliquod
505 2648 616 2713 uocale
637 2668 750 2730 corpus
766 2651 838 2712 ante
853 2650 957 2712 lucem
973 2651 1115 2713 creatum
1131 2651 1226 2730 atque
1239 2649 1412 2712 formatum
1432 2668 1464 2707 so

260 2757 319 2819 est.
336 2754 392 2818 sed
409 2754 436 2819 si
450 2755 496 2818 ite
511 2758 572 2848 est,¹
586 2755 648 2818 iam
665 2758 731 2819 erat
749 2757 888 2838 tempus,
904 2775 961 2837 per
980 2755 1065 2837 quod
1084 2774 1145 2820 uox
1164 2758 1304 2820 curreret
1318 2774 1410 2821 sono-

258 2880 393 2942 rumque
418 2860 522 2943 spatia
545 2862 606 2925 sibi
631 2862 871 2925 succedentium
894 2862 1112 2945 praeterirent.
1127 2862 1241 2944 quodsi
1261 2863 1324 2925 iam
1342 2866 1412 2925 erat

257 2970 395 3050 tempuS‚
420 2969 588 3049 antequem
612 2968 702 3031 fieret
724 2967 787 3044 lux,
834 2968 867 3031 in
892 2987 953 3049 quo
978 2973 1120 3051 tempore
1138 2987 1199 3033 uox
1222 2968 1322 3044 fieret,
1346 2987 1411 3049 qua

258 3076 384 3139 sonaret
408 3074 500 3153 „fiat
522 3074 618 3152 lux“,
643 3074 682 3137 ad
706 3094 799 3157 quern
825 3075 910 3139 diem
933 3076 1112 3157 pertinebat
1142 3075 1223 3139 illud
1254 3077 1409 3158 tempus?

256 3200 338 3245 uuus
372 3182 456 3245 enim
488 3181 556 3246 dies
587 3181 736 3264 idemque
768 3182 890 3265 primus
922 3182 977 3247 ille
1010 3184 1166 3247 numerari
1199 3182 1320 3265 incipit,
1344 3201 1407 3264 quo
1431 3202 1463 3240 es
1563 3217 1564 3276 3

255 3288 340 3352 iacta
362 3290 412 3352 est
429 3288 492 3351 lux.
517 3307 556 3352 en
576 3287 615 3352 ed
638 3288 743 3372 ipsum
768 3288 851 3353 diem
876 3290 1012 3372 pertinet
1034 3291 1140 3353 totum
1164 3290 1303 3371 spatium
1327 3293 1407 3352 tem·

294 3447 306 3499 1
328 3446 398 3499 diem
418 3446 508 3500 om.S
579 3448 662 3516 enirn]
682 3464 746 3517 ergo
767 3451 799 3512 (s.
820 3448 837 3502 1.
859 3448 923 3502 add.
942 3465 976 3503 m.
991 3448 1008 3500 2
1024 3448 1052 3502 al
1065 3455 1118 3515 eni)
1133 3449 1163 3501 E
1215 3449 1232 3501 2
1251 3450 1405 3518 coaeterno]

257 3552 309 3604 quo
330 3538 439 3588 aeterno
459 3534 486 3589 R
563 3552 627 3589 uero
649 3542 688 3604 (ro
708 3552 730 3589 s.
751 3538 769 3590 1.
788 3554 823 3589 m.
846 3536 870 3594 11
888 3537 919 3591 Ε
980 3538 1068 3606 3quo
1089 3541 1198 3591 aeterno
1217 3538 1245 3593 R
1302 3538 1408 3592 ldixit

256 3628 405 3677 creaturam
425 3622 512 3677 Pde
596 3630 663 3691 poet
686 3625 862 3693 temporalem
887 3631 959 3693 spot.
983 3642 1045 3679 acc.
1068 3642 1124 3681 roe.
1147 3642 1233 3695 aeque
1255 3627 1405 3695 quidquam

256 3710 466 3766 desideraturi?
519 3714 619 3782 ierat]
641 3716 699 3766 erat
714 3713 866 3767 creaturab
940 3714 1075 3768 diceretur
1087 3732 1110 3768 e.
1125 3715 1143 3769 1.
1157 3732 1192 3768 m.
1208 3714 1262 3769 IS
1315 3716 1347 3768 10
1361 3731 1404 3768 se·

256 3801 343 3854 cundo
360 3801 511 3867 tom.2ia
528 3802 597 3869 ros.)
616 3802 645 3856 R
700 3802 730 3854 11
752 3818 857 3855 rursum
875 3801 915 3856 R¹
988 3803 1159 3871 apellauitR
1215 3804 1404 3872 121111011ρο-

256 3888 324 3941 sitae
343 3888 373 3941 E
443 3889 586 3959 tenebrose
606 3889 731 3958 abyssib
804 3891 972 3959 imperiectio
993 3891 1030 3943 Ρ1
1104 3893 1136 3945 17
1157 3891 1228 3946 enim
1248 3893 1321 3946 uocis
1339 3892 1406 3947 Rbd

256 3975 384 4045 quicquid
396 3975 489 4031 fflRS
574 3978 631 4031 tale
651 3982 693 4031 est
706 3977 744 4031 bd
815 3980 846 4033 21
863 3996 1061 4050 sonorumquae
1080 3982 1107 4033 P
1122 3998 1247 4035 sonorum
1267 3998 1336 4051 qnae
1353 3980 1407 4035 Rs

255 4081 380 4118 sonorum
406 4065 486 4134 quib
542 4068 576 4119 22
595 4066 648 4120 sibi
672 4067 761 4136 spatio
786 4072 813 4135 (o
837 4086 871 4122 m.
893 4070 905 4121 1
926 4086 1013 4138 sopra
1036 4069 1107 4136 Μ
1177 4069 1348 4123 succedentia
1367 4068 1405 4123 bd

255 4154 434 4222 praeterirent
454 4158 481 4220 (n
501 4172 559 4223 exp.
579 4172 612 4210 aa.
636 4155 701 4223 1)S
752 4157 787 4211 23
806 4163 953 4227 antequam
967 4174 988 4211 e.
1002 4159 1019 4211 1.
1033 4176 1067 4213 m.
1084 4158 1137 4213 IS
1206 4161 1284 4212 fieret
1302 4174 1352 4211 uox
1366 4156 1405 4211 od

255 4242 319 4309 qua]
341 4241 448 4311 quaed
511 4244 547 4295 at
564 4244 742 4297 resonaretd
813 4249 921 4315 tempus
939 4246 1050 4300 illudS
1116 4248 1150 4300 26
1169 4246 1242 4300 facta
1262 4250 1289 4310 (a
1306 4247 1404 4313 fiae-c

256 4328 327 4396 n)S
396 4328 440 4383 lux
460 4330 491 4382 ia
509 4347 559 4399 my.
581 4330 646 4383 odd.
666 4348 700 4385 aa.
722 4332 780 4387 18
