<?xml version="1.0" encoding="UTF-8"?>
<!DOCTYPE html PUBLIC "-//W3C//DTD XHTML 1.0 Transitional//EN"
    "http://www.w3.org/TR/xhtml1/DTD/xhtml1-transitional.dtd">
<html xmlns="http://www.w3.org/1999/xhtml" xml:lang="en" lang="en">
 <head>
  <title>
</title>
<meta http-equiv="Content-Type" content="text/html;charset=utf-8" />
  <meta name='ocr-system' content='tesseract 3.04.00' />
  <meta name='ocr-capabilities' content='ocr_page ocr_carea ocr_par ocr_line ocrx_word'/>
</head>
<body>
  <div class='ocr_page' id='page_1' title='image "./corpusscriptoru10wiengoog_0467.png"; bbox 0 0 3159 4950; ppageno 0'>
   <div class='ocr_carea' id='block_1_1' title="bbox 344 464 1327 537">
    <p class='ocr_par' dir='ltr' id='par_1_1' title="bbox 344 464 1327 537">
     <span class='ocr_line' id='line_1_1' title="bbox 344 464 1327 537; baseline 0.006 -18"><span class='ocrx_word' id='word_1_1' title='bbox 344 464 1173 537; x_wconf 82' lang='lat' dir='ltr'><strong>operisdeGeueeiadlitteramcapitula.</strong></span> <span class='ocrx_word' id='word_1_2' title='bbox 1265 470 1327 535; x_wconf 85' lang='lat'><strong>441</strong></span> 
     </span>
    </p>
   </div>
   <div class='ocr_carea' id='block_1_2' title="bbox 334 664 1330 830">
    <p class='ocr_par' dir='ltr' id='par_1_2' title="bbox 334 664 1330 830">
     <span class='ocr_line' id='line_1_2' title="bbox 334 664 1330 739; baseline 0.005 -17"><span class='ocrx_word' id='word_1_3' title='bbox 334 664 561 739; x_wconf 87' lang='lat' dir='ltr'><strong>intellegendum</strong></span> <span class='ocrx_word' id='word_1_4' title='bbox 594 665 673 739; x_wconf 91' lang='lat' dir='ltr'><strong>quod</strong></span> <span class='ocrx_word' id='word_1_5' title='bbox 705 665 814 725; x_wconf 86' lang='lat' dir='ltr'><strong>dictum</strong></span> <span class='ocrx_word' id='word_1_6' title='bbox 848 668 892 725; x_wconf 93' lang='lat' dir='ltr'><strong>est</strong></span> <span class='ocrx_word' id='word_1_7' title='bbox 924 670 952 725; x_wconf 90' lang='lat' dir='ltr'><strong>et</strong></span> <span class='ocrx_word' id='word_1_8' title='bbox 985 668 1082 725; x_wconf 91' lang='lat' dir='ltr'><strong>omnia</strong></span> <span class='ocrx_word' id='word_1_9' title='bbox 1115 684 1330 727; x_wconf 78' lang='lat' dir='ltr'><strong>consummasse</strong></span> 
     </span>
     <span class='ocr_line' id='line_1_3' title="bbox 334 753 1008 830; baseline 0.009 -19"><span class='ocrx_word' id='word_1_10' title='bbox 334 753 419 811; x_wconf 88' lang='lat' dir='ltr'><strong>deum</strong></span> <span class='ocrx_word' id='word_1_11' title='bbox 443 754 489 812; x_wconf 91' lang='lat' dir='ltr'><strong>die</strong></span> <span class='ocrx_word' id='word_1_12' title='bbox 513 756 594 813; x_wconf 83' lang='lat' dir='ltr'><strong>sexto</strong></span> <span class='ocrx_word' id='word_1_13' title='bbox 619 757 763 828; x_wconf 82' lang='lat' dir='ltr'><strong>utusque</strong></span> <span class='ocrx_word' id='word_1_14' title='bbox 785 771 863 813; x_wconf 91' lang='lat' dir='ltr'><strong>nuuc</strong></span> <span class='ocrx_word' id='word_1_15' title='bbox 887 756 1008 830; x_wconf 86' lang='lat' dir='ltr'><strong>operari.</strong></span> 
     </span>
    </p>
   </div>
   <div class='ocr_carea' id='block_1_3' title="bbox 315 858 1200 936">
    <p class='ocr_par' dir='ltr' id='par_1_3' title="bbox 315 858 1200 936">
     <span class='ocr_line' id='line_1_4' title="bbox 315 858 1200 936; baseline 0.005 -18"><span class='ocrx_word' id='word_1_16' title='bbox 315 859 525 934; x_wconf 82' lang='lat' dir='ltr'><strong>Explicuemut</strong></span> <span class='ocrx_word' id='word_1_17' title='bbox 547 859 684 934; x_wconf 89' lang='lat' dir='ltr'><strong>capitula.</strong></span> <span class='ocrx_word' id='word_1_18' title='bbox 709 858 854 936; x_wconf 79' lang='lat' dir='ltr'><strong>Incipiunt</strong></span> <span class='ocrx_word' id='word_1_19' title='bbox 877 860 1006 936; x_wconf 89' lang='lat' dir='ltr'><strong>capitula</strong></span> <span class='ocrx_word' id='word_1_20' title='bbox 1026 860 1094 921; x_wconf 88' lang='lat' dir='ltr'><strong>libri</strong></span> <span class='ocrx_word' id='word_1_21' title='bbox 1117 862 1200 923; x_wconf 82' lang='lat' dir='ltr'><strong>sexti.</strong></span> 
     </span>
    </p>
   </div>
   <div class='ocr_carea' id='block_1_4' title="bbox 149 966 1345 4163">
    <p class='ocr_par' dir='ltr' id='par_1_4' title="bbox 311 966 685 1025">
     <span class='ocr_line' id='line_1_5' title="bbox 311 966 685 1025; baseline 0 0"><span class='ocrx_word' id='word_1_22' title='bbox 311 967 327 1025; x_wconf 93' lang='grc' dir='ltr'>Ι</span> <span class='ocrx_word' id='word_1_23' title='bbox 349 966 393 1025; x_wconf 80' lang='lat' dir='ltr'><strong>Ile</strong></span> <span class='ocrx_word' id='word_1_24' title='bbox 415 966 528 1025; x_wconf 84' lang='lat' dir='ltr'><strong>fabrica</strong></span> <span class='ocrx_word' id='word_1_25' title='bbox 548 966 685 1025; x_wconf 87' lang='lat' dir='ltr'><strong>homiuis.</strong></span> 
     </span>
    </p>

    <p class='ocr_par' dir='ltr' id='par_1_5' title="bbox 154 1054 1332 1309">
     <span class='ocr_line' id='line_1_6' title="bbox 154 1054 1332 1130; baseline 0.003 -16"><span class='ocrx_word' id='word_1_26' title='bbox 154 1076 167 1114; x_wconf 76' lang='lat' dir='ltr'><strong>a</strong></span> <span class='ocrx_word' id='word_1_27' title='bbox 294 1056 326 1115; x_wconf 89' lang='grc' dir='ltr'>Π</span> <span class='ocrx_word' id='word_1_28' title='bbox 347 1055 425 1114; x_wconf 90' lang='lat' dir='ltr'><strong>Hinc</strong></span> <span class='ocrx_word' id='word_1_29' title='bbox 443 1054 547 1130; x_wconf 75' lang='lat' dir='ltr'><strong>incipit</strong></span> <span class='ocrx_word' id='word_1_30' title='bbox 564 1056 618 1114; x_wconf 92' lang='lat' dir='ltr'><strong>sub</strong></span> <span class='ocrx_word' id='word_1_31' title='bbox 634 1055 823 1130; x_wconf 79' lang='lat' dir='ltr'><strong>inquisitione</strong></span> <span class='ocrx_word' id='word_1_32' title='bbox 844 1057 996 1116; x_wconf 87' lang='lat' dir='ltr'><strong>ostendere</strong></span> <span class='ocrx_word' id='word_1_33' title='bbox 1014 1056 1158 1117; x_wconf 84' lang='lat' dir='ltr'><strong>homiuem</strong></span> <span class='ocrx_word' id='word_1_34' title='bbox 1178 1075 1237 1117; x_wconf 91' lang='lat' dir='ltr'><strong>non</strong></span> <span class='ocrx_word' id='word_1_35' title='bbox 1255 1057 1332 1117; x_wconf 88' lang='lat' dir='ltr'><strong>inter</strong></span> 
     </span>
     <span class='ocr_line' id='line_1_7' title="bbox 349 1144 1330 1221; baseline 0.004 -19"><span class='ocrx_word' id='word_1_36' title='bbox 349 1162 392 1215; x_wconf 87' lang='lat' dir='ltr'><strong>ea,</strong></span> <span class='ocrx_word' id='word_1_37' title='bbox 417 1160 491 1219; x_wconf 88' lang='lat' dir='ltr'><strong>quae</strong></span> <span class='ocrx_word' id='word_1_38' title='bbox 517 1144 589 1203; x_wconf 85' lang='lat' dir='ltr'><strong>fecit</strong></span> <span class='ocrx_word' id='word_1_39' title='bbox 616 1145 713 1204; x_wconf 92' lang='lat' dir='ltr'><strong>omnia</strong></span> <span class='ocrx_word' id='word_1_40' title='bbox 741 1144 827 1204; x_wconf 89' lang='lat' dir='ltr'><strong>simul</strong></span> <span class='ocrx_word' id='word_1_41' title='bbox 855 1146 1087 1221; x_wconf 73' lang='lat' dir='ltr'><strong>primordialiter,</strong></span> <span class='ocrx_word' id='word_1_42' title='bbox 1113 1147 1165 1206; x_wconf 90' lang='lat' dir='ltr'><strong>sed</strong></span> <span class='ocrx_word' id='word_1_43' title='bbox 1188 1147 1265 1206; x_wconf 92' lang='lat' dir='ltr'><strong>inter</strong></span> <span class='ocrx_word' id='word_1_44' title='bbox 1287 1165 1330 1219; x_wconf 85' lang='lat' dir='ltr'><strong>ea,</strong></span> 
     </span>
     <span class='ocr_line' id='line_1_8' title="bbox 352 1232 1072 1309; baseline 0.006 -18"><span class='ocrx_word' id='word_1_45' title='bbox 352 1250 424 1307; x_wconf 88' lang='lat' dir='ltr'><strong>quae</strong></span> <span class='ocrx_word' id='word_1_46' title='bbox 448 1250 526 1291; x_wconf 92' lang='lat' dir='ltr'><strong>nunc</strong></span> <span class='ocrx_word' id='word_1_47' title='bbox 551 1236 697 1309; x_wconf 89' lang='lat' dir='ltr'><strong>operatur,</strong></span> <span class='ocrx_word' id='word_1_48' title='bbox 720 1234 811 1293; x_wconf 85' lang='lat' dir='ltr'><strong>fuisse</strong></span> <span class='ocrx_word' id='word_1_49' title='bbox 834 1232 943 1295; x_wconf 86' lang='lat' dir='ltr'><strong>factum</strong></span> <span class='ocrx_word' id='word_1_50' title='bbox 967 1254 984 1295; x_wconf 91' lang='lat' dir='ltr'><strong>a</strong></span> <span class='ocrx_word' id='word_1_51' title='bbox 1007 1236 1072 1297; x_wconf 88' lang='lat' dir='ltr'><strong>deo.</strong></span> 
     </span>
    </p>

    <p class='ocr_par' dir='ltr' id='par_1_6' title="bbox 215 1322 1332 1471">
     <span class='ocr_line' id='line_1_9' title="bbox 215 1322 1332 1393; baseline 0.003 -11"><span class='ocrx_word' id='word_1_52' title='bbox 215 1358 217 1362; x_wconf 80' lang='lat'><em>.</em></span> <span class='ocrx_word' id='word_1_53' title='bbox 278 1324 324 1382; x_wconf 93' lang='grc' dir='ltr'><strong>ΙΠ</strong></span> <span class='ocrx_word' id='word_1_54' title='bbox 348 1322 432 1393; x_wconf 83' lang='lat' dir='ltr'><strong>Quod</strong></span> <span class='ocrx_word' id='word_1_55' title='bbox 454 1323 531 1381; x_wconf 89' lang='lat' dir='ltr'><strong>iuter</strong></span> <span class='ocrx_word' id='word_1_56' title='bbox 554 1327 650 1382; x_wconf 91' lang='lat' dir='ltr'><strong>cetera</strong></span> <span class='ocrx_word' id='word_1_57' title='bbox 672 1324 811 1383; x_wconf 89' lang='lat' dir='ltr'><strong>animalia</strong></span> <span class='ocrx_word' id='word_1_58' title='bbox 834 1324 931 1384; x_wconf 90' lang='lat' dir='ltr'><strong>omnia</strong></span> <span class='ocrx_word' id='word_1_59' title='bbox 958 1324 1051 1385; x_wconf 87' lang='lat' dir='ltr'><strong>simite</strong></span> <span class='ocrx_word' id='word_1_60' title='bbox 1075 1324 1249 1385; x_wconf 89' lang='lat' dir='ltr'><strong>adiutorium</strong></span> <span class='ocrx_word' id='word_1_61' title='bbox 1272 1343 1332 1385; x_wconf 92' lang='lat' dir='ltr'><strong>non</strong></span> 
     </span>
     <span class='ocr_line' id='line_1_10' title="bbox 347 1410 619 1471; baseline 0 -1"><span class='ocrx_word' id='word_1_62' title='bbox 347 1410 436 1470; x_wconf 85' lang='lat' dir='ltr'><strong>fuerit</strong></span> <span class='ocrx_word' id='word_1_63' title='bbox 457 1412 619 1471; x_wconf 89' lang='lat' dir='ltr'><strong>inuentum.</strong></span> 
     </span>
    </p>

    <p class='ocr_par' dir='ltr' id='par_1_7' title="bbox 263 1500 1010 1577">
     <span class='ocr_line' id='line_1_11' title="bbox 263 1500 1010 1577; baseline 0 -16"><span class='ocrx_word' id='word_1_64' title='bbox 263 1503 324 1561; x_wconf 87' lang='lat' dir='ltr'>IIII</span> <span class='ocrx_word' id='word_1_65' title='bbox 347 1500 484 1572; x_wconf 82' lang='lat' dir='ltr'><strong>Quaestio</strong></span> <span class='ocrx_word' id='word_1_66' title='bbox 509 1502 544 1560; x_wconf 91' lang='lat' dir='ltr'><strong>de</strong></span> <span class='ocrx_word' id='word_1_67' title='bbox 567 1500 657 1576; x_wconf 84' lang='lat' dir='ltr'><strong>lignis</strong></span> <span class='ocrx_word' id='word_1_68' title='bbox 679 1502 710 1560; x_wconf 92' lang='lat' dir='ltr'><strong>in</strong></span> <span class='ocrx_word' id='word_1_69' title='bbox 734 1500 871 1577; x_wconf 86' lang='lat' dir='ltr'><strong>paradiso</strong></span> <span class='ocrx_word' id='word_1_70' title='bbox 896 1502 1010 1561; x_wconf 81' lang='lat' dir='ltr'><strong>croatie.</strong></span> 
     </span>
    </p>

    <p class='ocr_par' dir='ltr' id='par_1_8' title="bbox 294 1590 1332 1831">
     <span class='ocr_line' id='line_1_12' title="bbox 294 1590 1332 1665; baseline 0.001 -15"><span class='ocrx_word' id='word_1_71' title='bbox 294 1590 424 1650; x_wconf 86' lang='lat' dir='ltr'><strong>VInter</strong></span> <span class='ocrx_word' id='word_1_72' title='bbox 453 1608 487 1649; x_wconf 89' lang='lat' dir='ltr'><strong>ea</strong></span> <span class='ocrx_word' id='word_1_73' title='bbox 515 1591 621 1661; x_wconf 88' lang='lat' dir='ltr'><strong>omnia,</strong></span> <span class='ocrx_word' id='word_1_74' title='bbox 651 1608 725 1665; x_wconf 86' lang='lat' dir='ltr'><strong>quae</strong></span> <span class='ocrx_word' id='word_1_75' title='bbox 756 1590 957 1665; x_wconf 77' lang='lat' dir='ltr'><strong>potentialiter</strong></span> <span class='ocrx_word' id='word_1_76' title='bbox 987 1592 1050 1651; x_wconf 88' lang='lat' dir='ltr'><strong>siue</strong></span> <span class='ocrx_word' id='word_1_77' title='bbox 1084 1592 1239 1651; x_wconf 80' lang='lat' dir='ltr'><strong>causaliter</strong></span> <span class='ocrx_word' id='word_1_78' title='bbox 1262 1593 1332 1651; x_wconf 92' lang='lat' dir='ltr'><strong>deus</strong></span> 
     </span>
     <span class='ocr_line' id='line_1_13' title="bbox 347 1679 1332 1755; baseline 0.004 -18"><span class='ocrx_word' id='word_1_79' title='bbox 347 1679 455 1754; x_wconf 81' lang='lat' dir='ltr'><strong>legItur</strong></span> <span class='ocrx_word' id='word_1_80' title='bbox 486 1680 572 1738; x_wconf 91' lang='lat' dir='ltr'><strong>simul</strong></span> <span class='ocrx_word' id='word_1_81' title='bbox 604 1680 718 1752; x_wconf 84' lang='lat' dir='ltr'><strong>fecisse,</strong></span> <span class='ocrx_word' id='word_1_82' title='bbox 749 1680 837 1740; x_wconf 86' lang='lat' dir='ltr'><strong>etiam</strong></span> <span class='ocrx_word' id='word_1_83' title='bbox 864 1680 1010 1740; x_wconf 89' lang='lat' dir='ltr'><strong>hominem</strong></span> <span class='ocrx_word' id='word_1_84' title='bbox 1040 1680 1215 1755; x_wconf 86' lang='lat' dir='ltr'><strong>generaliter</strong></span> <span class='ocrx_word' id='word_1_85' title='bbox 1241 1682 1332 1742; x_wconf 79' lang='lat' dir='ltr'><strong>Iuleae</strong></span> 
     </span>
     <span class='ocr_line' id='line_1_14' title="bbox 348 1768 937 1831; baseline 0.007 -4"><span class='ocrx_word' id='word_1_86' title='bbox 348 1768 458 1828; x_wconf 87' lang='lat' dir='ltr'><strong>factum</strong></span> <span class='ocrx_word' id='word_1_87' title='bbox 481 1768 567 1829; x_wconf 89' lang='lat' dir='ltr'><strong>huius</strong></span> <span class='ocrx_word' id='word_1_88' title='bbox 590 1768 649 1828; x_wconf 92' lang='lat' dir='ltr'><strong>loci</strong></span> <span class='ocrx_word' id='word_1_89' title='bbox 672 1770 817 1829; x_wconf 83' lang='lat' dir='ltr'><strong>contextio</strong></span> <span class='ocrx_word' id='word_1_90' title='bbox 842 1769 937 1831; x_wconf 91' lang='lat' dir='ltr'><strong>docet.</strong></span> 
     </span>
    </p>

    <p class='ocr_par' dir='ltr' id='par_1_9' title="bbox 281 1857 1332 2022">
     <span class='ocr_line' id='line_1_15' title="bbox 281 1857 1332 1934; baseline -0.001 -15"><span class='ocrx_word' id='word_1_91' title='bbox 281 1859 323 1919; x_wconf 86' lang='lat' dir='ltr'><strong>VI</strong></span> <span class='ocrx_word' id='word_1_92' title='bbox 344 1858 401 1917; x_wconf 89' lang='lat' dir='ltr'><strong>Hic</strong></span> <span class='ocrx_word' id='word_1_93' title='bbox 423 1857 550 1918; x_wconf 88' lang='lat' dir='ltr'><strong>homiuie</strong></span> <span class='ocrx_word' id='word_1_94' title='bbox 573 1876 667 1934; x_wconf 89' lang='lat' dir='ltr'><strong>genus</strong></span> <span class='ocrx_word' id='word_1_95' title='bbox 690 1862 720 1918; x_wconf 92' lang='lat' dir='ltr'><strong>et</strong></span> <span class='ocrx_word' id='word_1_96' title='bbox 742 1858 855 1934; x_wconf 86' lang='lat' dir='ltr'><strong>species</strong></span> <span class='ocrx_word' id='word_1_97' title='bbox 879 1859 1016 1934; x_wconf 84' lang='lat' dir='ltr'><strong>congruis</strong></span> <span class='ocrx_word' id='word_1_98' title='bbox 1035 1858 1332 1919; x_wconf 87' lang='lat' dir='ltr'><strong>demonstrationibus</strong></span> 
     </span>
     <span class='ocr_line' id='line_1_16' title="bbox 350 1946 558 2022; baseline 0.005 -17"><span class='ocrx_word' id='word_1_99' title='bbox 350 1946 558 2022; x_wconf 72' lang='lat' dir='ltr'><strong>distinguntur.</strong></span> 
     </span>
    </p>

    <p class='ocr_par' dir='ltr' id='par_1_10' title="bbox 269 2036 1334 2276">
     <span class='ocr_line' id='line_1_17' title="bbox 269 2036 1333 2113; baseline 0 -16"><span class='ocrx_word' id='word_1_100' title='bbox 269 2037 327 2097; x_wconf 78' lang='lat' dir='ltr'><strong>vn</strong></span> <span class='ocrx_word' id='word_1_101' title='bbox 348 2037 405 2095; x_wconf 89' lang='lat' dir='ltr'><strong>Hic</strong></span> <span class='ocrx_word' id='word_1_102' title='bbox 431 2036 490 2095; x_wconf 90' lang='lat' dir='ltr'><strong>iam</strong></span> <span class='ocrx_word' id='word_1_103' title='bbox 518 2038 572 2096; x_wconf 90' lang='lat' dir='ltr'><strong>sub</strong></span> <span class='ocrx_word' id='word_1_104' title='bbox 599 2037 829 2112; x_wconf 82' lang='lat' dir='ltr'><strong>interrogatione</strong></span> <span class='ocrx_word' id='word_1_105' title='bbox 862 2040 891 2097; x_wconf 92' lang='lat' dir='ltr'><strong>et</strong></span> <span class='ocrx_word' id='word_1_106' title='bbox 918 2036 1107 2111; x_wconf 88' lang='lat' dir='ltr'><strong>responsione</strong></span> <span class='ocrx_word' id='word_1_107' title='bbox 1129 2037 1264 2113; x_wconf 89' lang='lat' dir='ltr'><strong>probatio</strong></span> <span class='ocrx_word' id='word_1_108' title='bbox 1288 2039 1333 2097; x_wconf 93' lang='lat' dir='ltr'><strong>iu-</strong></span> 
     </span>
     <span class='ocr_line' id='line_1_18' title="bbox 349 2125 1334 2203; baseline 0.001 -19"><span class='ocrx_word' id='word_1_109' title='bbox 349 2125 504 2185; x_wconf 89' lang='lat' dir='ltr'><strong>uisibiliter</strong></span> <span class='ocrx_word' id='word_1_110' title='bbox 531 2127 688 2185; x_wconf 88' lang='lat' dir='ltr'><strong>secundum</strong></span> <span class='ocrx_word' id='word_1_111' title='bbox 716 2144 809 2201; x_wconf 88' lang='lat' dir='ltr'><strong>genus</strong></span> <span class='ocrx_word' id='word_1_112' title='bbox 838 2129 868 2185; x_wconf 90' lang='lat' dir='ltr'><strong>et</strong></span> <span class='ocrx_word' id='word_1_113' title='bbox 895 2127 1055 2186; x_wconf 87' lang='lat' dir='ltr'><strong>secuudum</strong></span> <span class='ocrx_word' id='word_1_114' title='bbox 1083 2127 1209 2203; x_wconf 90' lang='lat' dir='ltr'><strong>speciem</strong></span> <span class='ocrx_word' id='word_1_115' title='bbox 1233 2128 1334 2187; x_wconf 87' lang='lat' dir='ltr'><strong>uieibi-</strong></span> 
     </span>
     <span class='ocr_line' id='line_1_19' title="bbox 348 2214 959 2276; baseline 0.003 -3"><span class='ocrx_word' id='word_1_116' title='bbox 348 2214 415 2274; x_wconf 90' lang='lat' dir='ltr'><strong>liter</strong></span> <span class='ocrx_word' id='word_1_117' title='bbox 436 2214 582 2275; x_wconf 90' lang='lat' dir='ltr'><strong>homiuem</strong></span> <span class='ocrx_word' id='word_1_118' title='bbox 606 2215 697 2274; x_wconf 82' lang='lat' dir='ltr'><strong>fuisse</strong></span> <span class='ocrx_word' id='word_1_119' title='bbox 719 2215 829 2274; x_wconf 86' lang='lat' dir='ltr'><strong>factum</strong></span> <span class='ocrx_word' id='word_1_120' title='bbox 854 2234 871 2274; x_wconf 88' lang='lat' dir='ltr'><strong>a</strong></span> <span class='ocrx_word' id='word_1_121' title='bbox 894 2216 959 2276; x_wconf 89' lang='lat' dir='ltr'><strong>deo.</strong></span> 
     </span>
    </p>

    <p class='ocr_par' dir='ltr' id='par_1_11' title="bbox 251 2304 1335 2648">
     <span class='ocr_line' id='line_1_20' title="bbox 251 2304 1335 2376; baseline -0.001 -12"><span class='ocrx_word' id='word_1_122' title='bbox 251 2304 323 2364; x_wconf 82' lang='lat' dir='ltr'>VIII</span> <span class='ocrx_word' id='word_1_123' title='bbox 346 2304 509 2376; x_wconf 79' lang='lat' dir='ltr'><strong>Quaeritur,</strong></span> <span class='ocrx_word' id='word_1_124' title='bbox 533 2308 629 2363; x_wconf 87' lang='lat' dir='ltr'><strong>utrum</strong></span> <span class='ocrx_word' id='word_1_125' title='bbox 652 2304 765 2363; x_wconf 88' lang='lat' dir='ltr'><strong>animae</strong></span> <span class='ocrx_word' id='word_1_126' title='bbox 783 2304 930 2365; x_wconf 92' lang='lat' dir='ltr'><strong>hominum</strong></span> <span class='ocrx_word' id='word_1_127' title='bbox 950 2308 1030 2364; x_wconf 84' lang='lat' dir='ltr'><strong>eeuto</strong></span> <span class='ocrx_word' id='word_1_128' title='bbox 1051 2304 1097 2364; x_wconf 92' lang='lat' dir='ltr'><strong>die</strong></span> <span class='ocrx_word' id='word_1_129' title='bbox 1115 2304 1256 2364; x_wconf 82' lang='lat' dir='ltr'><strong>formatae</strong></span> <span class='ocrx_word' id='word_1_130' title='bbox 1275 2304 1335 2364; x_wconf 81' lang='lat' dir='ltr'><strong>sInt</strong></span> 
     </span>
     <span class='ocr_line' id='line_1_21' title="bbox 351 2394 1333 2469; baseline 0 -16"><span class='ocrx_word' id='word_1_131' title='bbox 351 2397 381 2453; x_wconf 91' lang='lat' dir='ltr'><strong>et</strong></span> <span class='ocrx_word' id='word_1_132' title='bbox 401 2396 505 2468; x_wconf 88' lang='lat' dir='ltr'><strong>postea</strong></span> <span class='ocrx_word' id='word_1_133' title='bbox 527 2410 659 2468; x_wconf 84' lang='lat' dir='ltr'><strong>corpora,</strong></span> <span class='ocrx_word' id='word_1_134' title='bbox 684 2396 714 2452; x_wconf 87' lang='lat' dir='ltr'><strong>et</strong></span> <span class='ocrx_word' id='word_1_135' title='bbox 735 2411 787 2469; x_wconf 90' lang='lat' dir='ltr'><strong>per</strong></span> <span class='ocrx_word' id='word_1_136' title='bbox 811 2394 985 2469; x_wconf 89' lang='lat' dir='ltr'><strong>scripturam</strong></span> <span class='ocrx_word' id='word_1_137' title='bbox 1008 2394 1128 2453; x_wconf 88' lang='lat' dir='ltr'><strong>eandem</strong></span> <span class='ocrx_word' id='word_1_138' title='bbox 1153 2394 1259 2453; x_wconf 89' lang='lat' dir='ltr'><strong>dicitur</strong></span> <span class='ocrx_word' id='word_1_139' title='bbox 1281 2395 1333 2453; x_wconf 86' lang='lat' dir='ltr'><strong>ad-</strong></span> 
     </span>
     <span class='ocr_line' id='line_1_22' title="bbox 349 2483 1333 2560; baseline 0.001 -18"><span class='ocrx_word' id='word_1_140' title='bbox 349 2483 458 2542; x_wconf 86' lang='lat' dir='ltr'><strong>firmari</strong></span> <span class='ocrx_word' id='word_1_141' title='bbox 488 2499 547 2543; x_wconf 91' lang='lat' dir='ltr'><strong>nou</strong></span> <span class='ocrx_word' id='word_1_142' title='bbox 577 2501 675 2558; x_wconf 87' lang='lat' dir='ltr'><strong>posse,</strong></span> <span class='ocrx_word' id='word_1_143' title='bbox 705 2485 781 2558; x_wconf 88' lang='lat' dir='ltr'><strong>quod</strong></span> <span class='ocrx_word' id='word_1_144' title='bbox 809 2485 884 2544; x_wconf 90' lang='lat' dir='ltr'><strong>aliae</strong></span> <span class='ocrx_word' id='word_1_145' title='bbox 912 2487 1060 2544; x_wconf 86' lang='lat' dir='ltr'><strong>creaturae</strong></span> <span class='ocrx_word' id='word_1_146' title='bbox 1090 2483 1163 2543; x_wconf 90' lang='lat' dir='ltr'><strong>alias</strong></span> <span class='ocrx_word' id='word_1_147' title='bbox 1194 2488 1333 2560; x_wconf 88' lang='lat' dir='ltr'><strong>tempore,</strong></span> 
     </span>
     <span class='ocr_line' id='line_1_23' title="bbox 351 2573 737 2648; baseline 0 -18"><span class='ocrx_word' id='word_1_148' title='bbox 351 2573 424 2632; x_wconf 89' lang='lat' dir='ltr'><strong>alias</strong></span> <span class='ocrx_word' id='word_1_149' title='bbox 448 2573 543 2632; x_wconf 85' lang='lat' dir='ltr'><strong>causis</strong></span> <span class='ocrx_word' id='word_1_150' title='bbox 565 2573 737 2648; x_wconf 88' lang='lat' dir='ltr'><strong>procedunt.</strong></span> 
     </span>
    </p>

    <p class='ocr_par' dir='ltr' id='par_1_12' title="bbox 241 2661 1345 2814">
     <span class='ocr_line' id='line_1_24' title="bbox 241 2661 1345 2742; baseline 0.001 -22"><span class='ocrx_word' id='word_1_151' title='bbox 241 2661 329 2720; x_wconf 89' lang='lat' dir='ltr'>VIIII</span> <span class='ocrx_word' id='word_1_152' title='bbox 350 2662 407 2720; x_wconf 87' lang='lat' dir='ltr'><strong>Hic</strong></span> <span class='ocrx_word' id='word_1_153' title='bbox 431 2662 511 2734; x_wconf 85' lang='lat' dir='ltr'><strong>dIcit,</strong></span> <span class='ocrx_word' id='word_1_154' title='bbox 535 2662 566 2720; x_wconf 92' lang='lat' dir='ltr'><strong>iu</strong></span> <span class='ocrx_word' id='word_1_155' title='bbox 590 2679 675 2737; x_wconf 88' lang='lat' dir='ltr'><strong>quem</strong></span> <span class='ocrx_word' id='word_1_156' title='bbox 697 2661 813 2721; x_wconf 92' lang='lat' dir='ltr'><strong>modum</strong></span> <span class='ocrx_word' id='word_1_157' title='bbox 841 2662 931 2721; x_wconf 84' lang='lat' dir='ltr'><strong>fuerit</strong></span> <span class='ocrx_word' id='word_1_158' title='bbox 951 2663 1038 2722; x_wconf 94' lang='lat' dir='ltr'><strong>homo</strong></span> <span class='ocrx_word' id='word_1_159' title='bbox 1062 2661 1158 2722; x_wconf 84' lang='lat' dir='ltr'><strong>Iactus</strong></span> <span class='ocrx_word' id='word_1_160' title='bbox 1182 2661 1345 2742; x_wconf 87' lang='lat' dir='ltr'><strong>causaliter</strong></span> 
     </span>
     <span class='ocr_line' id='line_1_25' title="bbox 350 2749 935 2814; baseline 0.01 -5"><span class='ocrx_word' id='word_1_161' title='bbox 350 2754 419 2810; x_wconf 92' lang='lat' dir='ltr'><strong>tuuc</strong></span> <span class='ocrx_word' id='word_1_162' title='bbox 443 2767 506 2810; x_wconf 92' lang='lat' dir='ltr'><strong>cum</strong></span> <span class='ocrx_word' id='word_1_163' title='bbox 530 2749 600 2810; x_wconf 84' lang='lat' dir='ltr'><strong>fecit</strong></span> <span class='ocrx_word' id='word_1_164' title='bbox 624 2751 721 2812; x_wconf 87' lang='lat' dir='ltr'><strong>omnIa</strong></span> <span class='ocrx_word' id='word_1_165' title='bbox 745 2753 816 2811; x_wconf 89' lang='lat' dir='ltr'><strong>deus</strong></span> <span class='ocrx_word' id='word_1_166' title='bbox 840 2751 935 2814; x_wconf 87' lang='lat' dir='ltr'><strong>slmul.</strong></span> 
     </span>
    </p>

    <p class='ocr_par' dir='ltr' id='par_1_13' title="bbox 301 2839 1335 3168">
     <span class='ocr_line' id='line_1_26' title="bbox 301 2839 1335 2927; baseline 0 -29"><span class='ocrx_word' id='word_1_167' title='bbox 301 2839 327 2898; x_wconf 91' lang='lat' dir='ltr'>X</span> <span class='ocrx_word' id='word_1_168' title='bbox 350 2839 406 2899; x_wconf 88' lang='lat' dir='ltr'><strong>Hic</strong></span> <span class='ocrx_word' id='word_1_169' title='bbox 434 2841 571 2915; x_wconf 90' lang='lat' dir='ltr'><strong>quattuor</strong></span> <span class='ocrx_word' id='word_1_170' title='bbox 598 2840 689 2900; x_wconf 91' lang='lat' dir='ltr'><strong>ueluti</strong></span> <span class='ocrx_word' id='word_1_171' title='bbox 716 2840 825 2916; x_wconf 87' lang='lat' dir='ltr'><strong>gradus</strong></span> <span class='ocrx_word' id='word_1_172' title='bbox 852 2840 937 2916; x_wconf 93' lang='lat' dir='ltr'><strong>ponit</strong></span> <span class='ocrx_word' id='word_1_173' title='bbox 960 2839 1143 2927; x_wconf 52' lang='lat' dir='ltr'><strong>scofflitIonIs</strong></span> <span class='ocrx_word' id='word_1_174' title='bbox 1170 2857 1265 2899; x_wconf 90' lang='lat' dir='ltr'><strong>rerum</strong></span> <span class='ocrx_word' id='word_1_175' title='bbox 1288 2841 1335 2899; x_wconf 89' lang='lat' dir='ltr'><strong>uel</strong></span> 
     </span>
     <span class='ocr_line' id='line_1_27' title="bbox 351 2927 1335 3003; baseline 0.002 -17"><span class='ocrx_word' id='word_1_176' title='bbox 351 2927 511 3003; x_wconf 88' lang='lat' dir='ltr'><strong>agnitionis</strong></span> <span class='ocrx_word' id='word_1_177' title='bbox 539 2928 664 2989; x_wconf 85' lang='lat' dir='ltr'><strong>causalis</strong></span> <span class='ocrx_word' id='word_1_178' title='bbox 691 2927 723 2988; x_wconf 91' lang='lat' dir='ltr'><strong>in</strong></span> <span class='ocrx_word' id='word_1_179' title='bbox 748 2929 840 2988; x_wconf 89' lang='lat' dir='ltr'><strong>uerbo</strong></span> <span class='ocrx_word' id='word_1_180' title='bbox 869 2929 916 2988; x_wconf 92' lang='lat' dir='ltr'><strong>dei</strong></span> <span class='ocrx_word' id='word_1_181' title='bbox 940 2929 970 2988; x_wconf 91' lang='lat' dir='ltr'><strong>in</strong></span> <span class='ocrx_word' id='word_1_182' title='bbox 995 2927 1146 2989; x_wconf 87' lang='lat' dir='ltr'><strong>elementis</strong></span> <span class='ocrx_word' id='word_1_183' title='bbox 1169 2929 1279 3000; x_wconf 84' lang='lat' dir='ltr'><strong>muudi,</strong></span> <span class='ocrx_word' id='word_1_184' title='bbox 1304 2929 1335 2988; x_wconf 87' lang='lat' dir='ltr'><strong>in</strong></span> 
     </span>
     <span class='ocr_line' id='line_1_28' title="bbox 351 3017 1334 3094; baseline 0.003 -19"><span class='ocrx_word' id='word_1_185' title='bbox 351 3019 438 3078; x_wconf 89' lang='lat' dir='ltr'><strong>rebus</strong></span> <span class='ocrx_word' id='word_1_186' title='bbox 466 3019 625 3078; x_wconf 88' lang='lat' dir='ltr'><strong>secuudum</strong></span> <span class='ocrx_word' id='word_1_187' title='bbox 653 3018 794 3093; x_wconf 88' lang='lat' dir='ltr'><strong>originem</strong></span> <span class='ocrx_word' id='word_1_188' title='bbox 823 3018 883 3078; x_wconf 87' lang='lat' dir='ltr'><strong>suis</strong></span> <span class='ocrx_word' id='word_1_189' title='bbox 910 3019 969 3078; x_wconf 89' lang='lat' dir='ltr'><strong>iam</strong></span> <span class='ocrx_word' id='word_1_190' title='bbox 991 3018 1172 3094; x_wconf 89' lang='lat' dir='ltr'><strong>temporibus</strong></span> <span class='ocrx_word' id='word_1_191' title='bbox 1194 3017 1280 3078; x_wconf 85' lang='lat' dir='ltr'><strong>factis</strong></span> <span class='ocrx_word' id='word_1_192' title='bbox 1304 3019 1334 3078; x_wconf 91' lang='lat' dir='ltr'><strong>in</strong></span> 
     </span>
     <span class='ocr_line' id='line_1_29' title="bbox 350 3099 1192 3168; baseline 0.001 -2"><span class='ocrx_word' id='word_1_193' title='bbox 350 3107 519 3168; x_wconf 88' lang='lat' dir='ltr'><strong>seminibus.</strong></span> <span class='ocrx_word' id='word_1_194' title='bbox 1191 3099 1192 3102; x_wconf 45' lang='lat'>&#39;</span> 
     </span>
    </p>

    <p class='ocr_par' dir='ltr' id='par_1_14' title="bbox 288 3195 1335 3540">
     <span class='ocr_line' id='line_1_30' title="bbox 288 3195 1335 3272; baseline 0.001 -18"><span class='ocrx_word' id='word_1_195' title='bbox 288 3195 329 3254; x_wconf 99' lang='lat' dir='ltr'><strong>XI</strong></span> <span class='ocrx_word' id='word_1_196' title='bbox 351 3195 445 3256; x_wconf 89' lang='lat' dir='ltr'><strong>Docet</strong></span> <span class='ocrx_word' id='word_1_197' title='bbox 471 3197 679 3271; x_wconf 87' lang='lat' dir='ltr'><strong>perfectionem</strong></span> <span class='ocrx_word' id='word_1_198' title='bbox 708 3195 814 3272; x_wconf 86' lang='lat' dir='ltr'><strong>operis,</strong></span> <span class='ocrx_word' id='word_1_199' title='bbox 840 3197 918 3271; x_wconf 88' lang='lat' dir='ltr'><strong>quod</strong></span> <span class='ocrx_word' id='word_1_200' title='bbox 947 3195 1018 3256; x_wconf 86' lang='lat' dir='ltr'><strong>deus</strong></span> <span class='ocrx_word' id='word_1_201' title='bbox 1041 3195 1071 3255; x_wconf 93' lang='lat' dir='ltr'><strong>in</strong></span> <span class='ocrx_word' id='word_1_202' title='bbox 1100 3195 1212 3272; x_wconf 84' lang='lat' dir='ltr'><strong>origine</strong></span> <span class='ocrx_word' id='word_1_203' title='bbox 1235 3197 1335 3255; x_wconf 89' lang='lat' dir='ltr'><strong>muudi</strong></span> 
     </span>
     <span class='ocr_line' id='line_1_31' title="bbox 352 3283 1334 3356; baseline 0 -12"><span class='ocrx_word' id='word_1_204' title='bbox 352 3285 462 3344; x_wconf 86' lang='lat' dir='ltr'><strong>creauit</strong></span> <span class='ocrx_word' id='word_1_205' title='bbox 484 3284 581 3344; x_wconf 93' lang='lat' dir='ltr'><strong>omuia</strong></span> <span class='ocrx_word' id='word_1_206' title='bbox 603 3284 699 3356; x_wconf 84' lang='lat' dir='ltr'><strong>simul,</strong></span> <span class='ocrx_word' id='word_1_207' title='bbox 718 3286 934 3346; x_wconf 85' lang='lat' dir='ltr'><strong>inchoationem</strong></span> <span class='ocrx_word' id='word_1_208' title='bbox 958 3303 1017 3346; x_wconf 93' lang='lat' dir='ltr'><strong>non</strong></span> <span class='ocrx_word' id='word_1_209' title='bbox 1041 3283 1160 3345; x_wconf 87' lang='lat' dir='ltr'><strong>alterius</strong></span> <span class='ocrx_word' id='word_1_210' title='bbox 1183 3285 1235 3344; x_wconf 90' lang='lat' dir='ltr'><strong>sed</strong></span> <span class='ocrx_word' id='word_1_211' title='bbox 1258 3285 1334 3344; x_wconf 90' lang='lat' dir='ltr'><strong>eius·</strong></span> 
     </span>
     <span class='ocr_line' id='line_1_32' title="bbox 351 3374 1335 3449; baseline 0.002 -17"><span class='ocrx_word' id='word_1_212' title='bbox 351 3374 417 3432; x_wconf 90' lang='lat' dir='ltr'><strong>dem</strong></span> <span class='ocrx_word' id='word_1_213' title='bbox 440 3374 536 3448; x_wconf 87' lang='lat' dir='ltr'><strong>operis</strong></span> <span class='ocrx_word' id='word_1_214' title='bbox 560 3392 633 3445; x_wconf 83' lang='lat' dir='ltr'><strong>esse,</strong></span> <span class='ocrx_word' id='word_1_215' title='bbox 659 3391 715 3449; x_wconf 86' lang='lat' dir='ltr'><strong>quo</strong></span> <span class='ocrx_word' id='word_1_216' title='bbox 738 3375 770 3433; x_wconf 94' lang='lat' dir='ltr'><strong>in</strong></span> <span class='ocrx_word' id='word_1_217' title='bbox 799 3375 928 3435; x_wconf 87' lang='lat' dir='ltr'><strong>eiusdem</strong></span> <span class='ocrx_word' id='word_1_218' title='bbox 956 3375 1055 3434; x_wconf 91' lang='lat' dir='ltr'><strong>mundi</strong></span> <span class='ocrx_word' id='word_1_219' title='bbox 1083 3375 1335 3434; x_wconf 82' lang='lat' dir='ltr'><strong>administratione</strong></span> 
     </span>
     <span class='ocr_line' id='line_1_33' title="bbox 351 3467 715 3540; baseline 0.005 -18"><span class='ocrx_word' id='word_1_220' title='bbox 351 3480 443 3539; x_wconf 90' lang='lat' dir='ltr'><strong>usque</strong></span> <span class='ocrx_word' id='word_1_221' title='bbox 465 3478 544 3523; x_wconf 90' lang='lat' dir='ltr'><strong>nunc</strong></span> <span class='ocrx_word' id='word_1_222' title='bbox 568 3467 715 3540; x_wconf 83' lang='lat' dir='ltr'><strong>operatur.</strong></span> 
     </span>
    </p>

    <p class='ocr_par' dir='ltr' id='par_1_15' title="bbox 275 3551 1333 3629">
     <span class='ocr_line' id='line_1_34' title="bbox 275 3551 1333 3629; baseline 0.002 -19"><span class='ocrx_word' id='word_1_223' title='bbox 275 3552 332 3610; x_wconf 86' lang='lat' dir='ltr'><strong>XII</strong></span> <span class='ocrx_word' id='word_1_224' title='bbox 355 3553 492 3622; x_wconf 79' lang='lat' dir='ltr'><strong>Quaestio</strong></span> <span class='ocrx_word' id='word_1_225' title='bbox 517 3553 660 3629; x_wconf 87' lang='lat' dir='ltr'><strong>quomodo</strong></span> <span class='ocrx_word' id='word_1_226' title='bbox 683 3557 754 3613; x_wconf 91' lang='lat' dir='ltr'><strong>tunc</strong></span> <span class='ocrx_word' id='word_1_227' title='bbox 781 3553 940 3624; x_wconf 86' lang='lat' dir='ltr'><strong>inchoauit‚</strong></span> <span class='ocrx_word' id='word_1_228' title='bbox 966 3551 1081 3628; x_wconf 90' lang='lat' dir='ltr'><strong>quando</strong></span> <span class='ocrx_word' id='word_1_229' title='bbox 1111 3553 1333 3612; x_wconf 85' lang='lat' dir='ltr'><strong>consummauit.</strong></span> 
     </span>
    </p>

    <p class='ocr_par' dir='ltr' id='par_1_16' title="bbox 149 3640 1336 3896">
     <span class='ocr_line' id='line_1_35' title="bbox 149 3640 1336 3717; baseline 0.001 -18"><span class='ocrx_word' id='word_1_230' title='bbox 149 3675 153 3680; x_wconf 37' lang='grc' dir='ltr'><em>ι</em></span> <span class='ocrx_word' id='word_1_231' title='bbox 257 3641 329 3700; x_wconf 85' lang='lat' dir='ltr'>XIII</span> <span class='ocrx_word' id='word_1_232' title='bbox 349 3641 407 3702; x_wconf 87' lang='lat' dir='ltr'><strong>Hic</strong></span> <span class='ocrx_word' id='word_1_233' title='bbox 430 3642 517 3701; x_wconf 90' lang='lat' dir='ltr'><strong>docet</strong></span> <span class='ocrx_word' id='word_1_234' title='bbox 538 3641 685 3702; x_wconf 89' lang='lat' dir='ltr'><strong>homiuem</strong></span> <span class='ocrx_word' id='word_1_235' title='bbox 707 3643 738 3701; x_wconf 92' lang='lat' dir='ltr'><strong>iu</strong></span> <span class='ocrx_word' id='word_1_236' title='bbox 765 3646 895 3717; x_wconf 88' lang='lat' dir='ltr'><strong>tempore</strong></span> <span class='ocrx_word' id='word_1_237' title='bbox 924 3659 975 3702; x_wconf 90' lang='lat' dir='ltr'><strong>suo</strong></span> <span class='ocrx_word' id='word_1_238' title='bbox 1003 3641 1159 3701; x_wconf 84' lang='lat' dir='ltr'><strong>formatum</strong></span> <span class='ocrx_word' id='word_1_239' title='bbox 1180 3640 1336 3702; x_wconf 87' lang='lat' dir='ltr'><strong>uisibiliter</strong></span> 
     </span>
     <span class='ocr_line' id='line_1_36' title="bbox 353 3729 1333 3804; baseline 0 -14"><span class='ocrx_word' id='word_1_240' title='bbox 353 3733 383 3790; x_wconf 87' lang='lat' dir='ltr'><strong>st</strong></span> <span class='ocrx_word' id='word_1_241' title='bbox 409 3729 605 3804; x_wconf 75' lang='lat' dir='ltr'><strong>iqusibilitar,</strong></span> <span class='ocrx_word' id='word_1_242' title='bbox 632 3731 662 3790; x_wconf 92' lang='lat' dir='ltr'><strong>id</strong></span> <span class='ocrx_word' id='word_1_243' title='bbox 691 3735 736 3790; x_wconf 90' lang='lat' dir='ltr'><strong>est</strong></span> <span class='ocrx_word' id='word_1_244' title='bbox 762 3731 888 3790; x_wconf 90' lang='lat' dir='ltr'><strong>animam</strong></span> <span class='ocrx_word' id='word_1_245' title='bbox 916 3733 945 3790; x_wconf 89' lang='lat' dir='ltr'><strong>et</strong></span> <span class='ocrx_word' id='word_1_246' title='bbox 972 3747 1086 3804; x_wconf 85' lang='lat' dir='ltr'><strong>corpus,</strong></span> <span class='ocrx_word' id='word_1_247' title='bbox 1111 3733 1140 3788; x_wconf 91' lang='lat' dir='ltr'><strong>et</strong></span> <span class='ocrx_word' id='word_1_248' title='bbox 1167 3733 1234 3789; x_wconf 88' lang='lat' dir='ltr'><strong>ante</strong></span> <span class='ocrx_word' id='word_1_249' title='bbox 1257 3730 1333 3790; x_wconf 90' lang='lat' dir='ltr'><strong>hanc</strong></span> 
     </span>
     <span class='ocr_line' id='line_1_37' title="bbox 349 3818 1266 3896; baseline -0.002 -18"><span class='ocrx_word' id='word_1_250' title='bbox 349 3819 550 3880; x_wconf 76' lang='lat' dir='ltr'><strong>formationem</strong></span> <span class='ocrx_word' id='word_1_251' title='bbox 573 3819 820 3896; x_wconf 76' lang='lat' dir='ltr'><strong>praedestInatum</strong></span> <span class='ocrx_word' id='word_1_252' title='bbox 843 3819 915 3879; x_wconf 79' lang='lat' dir='ltr'><strong>dicIt</strong></span> <span class='ocrx_word' id='word_1_253' title='bbox 937 3819 968 3878; x_wconf 93' lang='lat' dir='ltr'><strong>in</strong></span> <span class='ocrx_word' id='word_1_254' title='bbox 991 3818 1186 3893; x_wconf 85' lang='lat' dir='ltr'><strong>praescientia</strong></span> <span class='ocrx_word' id='word_1_255' title='bbox 1209 3819 1266 3878; x_wconf 88' lang='lat' dir='ltr'><strong>dei.</strong></span> 
     </span>
    </p>

    <p class='ocr_par' dir='ltr' id='par_1_17' title="bbox 239 3907 1335 4163">
     <span class='ocr_line' id='line_1_38' title="bbox 239 3907 1334 3970; baseline 0 -2"><span class='ocrx_word' id='word_1_256' title='bbox 239 3909 326 3968; x_wconf 87' lang='lat' dir='ltr'>XIIII</span> <span class='ocrx_word' id='word_1_257' title='bbox 347 3909 501 3970; x_wconf 88' lang='lat' dir='ltr'><strong>Hominem</strong></span> <span class='ocrx_word' id='word_1_258' title='bbox 525 3909 597 3969; x_wconf 91' lang='lat' dir='ltr'><strong>dicit</strong></span> <span class='ocrx_word' id='word_1_259' title='bbox 616 3927 675 3968; x_wconf 92' lang='lat' dir='ltr'><strong>nou</strong></span> <span class='ocrx_word' id='word_1_260' title='bbox 698 3907 763 3969; x_wconf 92' lang='lat' dir='ltr'><strong>ideo</strong></span> <span class='ocrx_word' id='word_1_261' title='bbox 787 3909 892 3969; x_wconf 87' lang='lat' dir='ltr'><strong>ceteris</strong></span> <span class='ocrx_word' id='word_1_262' title='bbox 909 3909 941 3968; x_wconf 91' lang='lat' dir='ltr'><strong>in</strong></span> <span class='ocrx_word' id='word_1_263' title='bbox 959 3908 1013 3968; x_wconf 91' lang='lat' dir='ltr'><strong>hoc</strong></span> <span class='ocrx_word' id='word_1_264' title='bbox 1032 3908 1139 3967; x_wconf 92' lang='lat' dir='ltr'><strong>mundo</strong></span> <span class='ocrx_word' id='word_1_265' title='bbox 1159 3907 1334 3968; x_wconf 85' lang='lat' dir='ltr'><strong>animalibus</strong></span> 
     </span>
     <span class='ocr_line' id='line_1_39' title="bbox 350 3997 1335 4074; baseline -0.001 -16"><span class='ocrx_word' id='word_1_266' title='bbox 350 3999 523 4074; x_wconf 84' lang='lat' dir='ltr'><strong>praelatum,</strong></span> <span class='ocrx_word' id='word_1_267' title='bbox 547 4000 616 4074; x_wconf 88' lang='lat' dir='ltr'><strong>quia</strong></span> <span class='ocrx_word' id='word_1_268' title='bbox 638 4000 675 4058; x_wconf 90' lang='lat' dir='ltr'><strong>ab</strong></span> <span class='ocrx_word' id='word_1_269' title='bbox 698 3999 762 4073; x_wconf 92' lang='lat' dir='ltr'><strong>ipso</strong></span> <span class='ocrx_word' id='word_1_270' title='bbox 785 3999 900 4073; x_wconf 93' lang='lat' dir='ltr'><strong>proprie</strong></span> <span class='ocrx_word' id='word_1_271' title='bbox 924 3997 1030 4057; x_wconf 86' lang='lat' dir='ltr'><strong>dicitur</strong></span> <span class='ocrx_word' id='word_1_272' title='bbox 1056 3997 1162 4070; x_wconf 87' lang='lat' dir='ltr'><strong>factus,</strong></span> <span class='ocrx_word' id='word_1_273' title='bbox 1185 3998 1238 4056; x_wconf 82' lang='lat' dir='ltr'><strong>aed</strong></span> <span class='ocrx_word' id='word_1_274' title='bbox 1267 3999 1335 4072; x_wconf 82' lang='lat' dir='ltr'><strong>quia</strong></span> 
     </span>
     <span class='ocr_line' id='line_1_40' title="bbox 352 4087 941 4163; baseline 0.003 -17"><span class='ocrx_word' id='word_1_275' title='bbox 352 4087 448 4163; x_wconf 87' lang='lat' dir='ltr'><strong>imago</strong></span> <span class='ocrx_word' id='word_1_276' title='bbox 471 4087 502 4148; x_wconf 92' lang='lat' dir='ltr'><strong>iu</strong></span> <span class='ocrx_word' id='word_1_277' title='bbox 526 4105 558 4148; x_wconf 91' lang='lat' dir='ltr'><strong>eo</strong></span> <span class='ocrx_word' id='word_1_278' title='bbox 583 4091 612 4148; x_wconf 91' lang='lat' dir='ltr'><strong>et</strong></span> <span class='ocrx_word' id='word_1_279' title='bbox 634 4088 793 4148; x_wconf 84' lang='lat' dir='ltr'><strong>simiIItudo</strong></span> <span class='ocrx_word' id='word_1_280' title='bbox 817 4091 862 4148; x_wconf 88' lang='lat' dir='ltr'><strong>est</strong></span> <span class='ocrx_word' id='word_1_281' title='bbox 884 4087 941 4148; x_wconf 91' lang='lat' dir='ltr'><strong>dei.</strong></span> 
     </span>
    </p>
   </div>
   <div class='ocr_carea' id='block_1_5' title="bbox 189 4239 1334 4439">
    <p class='ocr_par' dir='ltr' id='par_1_18' title="bbox 189 4239 1334 4439">
     <span class='ocr_line' id='line_1_41' title="bbox 226 4239 1333 4312; baseline 0.003 -20"><span class='ocrx_word' id='word_1_282' title='bbox 226 4239 382 4311; x_wconf 74' lang='lat' dir='ltr'><strong>diuquipIt</strong></span> <span class='ocrx_word' id='word_1_283' title='bbox 398 4245 468 4295; x_wconf 85' lang='lat' dir='ltr'><strong>m.1</strong></span> <span class='ocrx_word' id='word_1_284' title='bbox 528 4242 561 4297; x_wconf 87' lang='lat' dir='ltr'><strong>lo</strong></span> <span class='ocrx_word' id='word_1_285' title='bbox 579 4240 713 4312; x_wconf 79' lang='lat' dir='ltr'><strong>paradyso</strong></span> <span class='ocrx_word' id='word_1_286' title='bbox 776 4243 812 4296; x_wconf 82' lang='lat'><strong>25</strong></span> <span class='ocrx_word' id='word_1_287' title='bbox 831 4243 949 4310; x_wconf 83' lang='lat' dir='ltr'><strong>quatuor</strong></span> <span class='ocrx_word' id='word_1_288' title='bbox 1002 4239 1036 4293; x_wconf 82' lang='lat'><strong>27</strong></span> <span class='ocrx_word' id='word_1_289' title='bbox 1057 4239 1189 4309; x_wconf 89' lang='lat' dir='ltr'><strong>originem</strong></span> <span class='ocrx_word' id='word_1_290' title='bbox 1208 4243 1265 4308; x_wconf 85' lang='lat' dir='ltr'><strong>(pr.</strong></span> <span class='ocrx_word' id='word_1_291' title='bbox 1284 4240 1294 4293; x_wconf 91' lang='lat' dir='ltr'><strong>i</strong></span> <span class='ocrx_word' id='word_1_292' title='bbox 1311 4257 1333 4295; x_wconf 86' lang='lat' dir='ltr'><strong>e.</strong></span> 
     </span>
     <span class='ocr_line' id='line_1_42' title="bbox 191 4309 1334 4383; baseline 0.003 -20"><span class='ocrx_word' id='word_1_293' title='bbox 191 4309 209 4364; x_wconf 76' lang='lat'><strong>1.</strong></span> <span class='ocrx_word' id='word_1_294' title='bbox 229 4327 263 4366; x_wconf 85' lang='lat' dir='ltr'><strong>m.</strong></span> <span class='ocrx_word' id='word_1_295' title='bbox 282 4316 308 4378; x_wconf 75' lang='lat'><strong>1)</strong></span> <span class='ocrx_word' id='word_1_296' title='bbox 380 4311 412 4365; x_wconf 88' lang='lat'><strong>31</strong></span> <span class='ocrx_word' id='word_1_297' title='bbox 434 4311 507 4383; x_wconf 81' lang='lat' dir='ltr'><strong>quod</strong></span> <span class='ocrx_word' id='word_1_298' title='bbox 578 4315 607 4368; x_wconf 90' lang='lat' dir='ltr'><strong>iu</strong></span> <span class='ocrx_word' id='word_1_299' title='bbox 626 4329 677 4367; x_wconf 87' lang='lat' dir='ltr'><strong>om.</strong></span> <span class='ocrx_word' id='word_1_300' title='bbox 696 4311 763 4366; x_wconf 73' lang='lat' dir='ltr'><strong>Mai</strong></span> <span class='ocrx_word' id='word_1_301' title='bbox 834 4311 1070 4366; x_wconf 84' lang='lat' dir='ltr'><strong>admiuietratloue</strong></span> <span class='ocrx_word' id='word_1_302' title='bbox 1088 4311 1199 4380; x_wconf 70' lang='lat' dir='ltr'><strong>compsi:</strong></span> <span class='ocrx_word' id='word_1_303' title='bbox 1219 4311 1334 4366; x_wconf 86' lang='lat' dir='ltr'><strong>admiui·</strong></span> 
     </span>
     <span class='ocr_line' id='line_1_43' title="bbox 189 4382 675 4439; baseline 0.004 -3"><span class='ocrx_word' id='word_1_304' title='bbox 189 4382 349 4438; x_wconf 82' lang='lat' dir='ltr'><strong>strationem</strong></span> <span class='ocrx_word' id='word_1_305' title='bbox 367 4385 398 4438; x_wconf 84' lang='lat' dir='ltr'><strong><em>E</em></strong></span> <span class='ocrx_word' id='word_1_306' title='bbox 412 4383 479 4438; x_wconf 78' lang='lat' dir='ltr'><strong>Mai</strong></span> <span class='ocrx_word' id='word_1_307' title='bbox 532 4385 675 4439; x_wconf 72' lang='lat' dir='ltr'><strong>ebenina</strong></span> 
     </span>
    </p>
   </div>
   <div class='ocr_carea' id='block_1_6' title="bbox 0 0 1585 4950">
    <p class='ocr_par' dir='ltr' id='par_1_19' title="bbox 0 0 1585 4950">
     <span class='ocr_line' id='line_1_44' title="bbox 0 0 1585 4950; baseline 0 0"><span class='ocrx_word' id='word_1_308' title='bbox 0 0 1585 4950; x_wconf 95' lang='lat' dir='ltr'><strong> </strong></span> 
     </span>
    </p>
   </div>
  </div>
 </body>
</html>
