<?xml version="1.0" encoding="UTF-8"?>
<!DOCTYPE html PUBLIC "-//W3C//DTD XHTML 1.0 Transitional//EN"
    "http://www.w3.org/TR/xhtml1/DTD/xhtml1-transitional.dtd">
<html xmlns="http://www.w3.org/1999/xhtml" xml:lang="en" lang="en">
 <head>
  <title>
</title>
<meta http-equiv="Content-Type" content="text/html;charset=utf-8" />
  <meta name='ocr-system' content='tesseract 3.04.00' />
  <meta name='ocr-capabilities' content='ocr_page ocr_carea ocr_par ocr_line ocrx_word'/>
</head>
<body>
  <div class='ocr_page' id='page_1' title='image "./corpusscriptoru10wiengoog_0066.png"; bbox 0 0 3159 4950; ppageno 0'>
   <div class='ocr_carea' id='block_1_1' title="bbox 245 482 1043 553">
    <p class='ocr_par' dir='ltr' id='par_1_1' title="bbox 245 482 1043 553">
     <span class='ocr_line' id='line_1_1' title="bbox 245 482 1043 553; baseline -0.014 -7"><span class='ocrx_word' id='word_1_1' title='bbox 245 489 287 552; x_wconf 87' lang='grc'><strong>40</strong></span> <span class='ocrx_word' id='word_1_2' title='bbox 415 523 419 531; x_wconf 91' lang='grc'><strong>-</strong></span> <span class='ocrx_word' id='word_1_3' title='bbox 604 485 629 538; x_wconf 85' lang='lat' dir='ltr'><strong>S.</strong></span> <span class='ocrx_word' id='word_1_4' title='bbox 656 483 795 537; x_wconf 84' lang='lat' dir='ltr'><strong>Aureli</strong></span> <span class='ocrx_word' id='word_1_5' title='bbox 823 482 1043 553; x_wconf 82' lang='lat' dir='ltr'><strong>Augustini</strong></span> 
     </span>
    </p>
   </div>
   <div class='ocr_carea' id='block_1_2' title="bbox 246 679 1455 3746">
    <p class='ocr_par' dir='ltr' id='par_1_2' title="bbox 246 679 1452 1387">
     <span class='ocr_line' id='line_1_2' title="bbox 248 679 1398 764; baseline -0.003 -19"><span class='ocrx_word' id='word_1_6' title='bbox 248 682 333 764; x_wconf 87' lang='lat' dir='ltr'><strong>quod</strong></span> <span class='ocrx_word' id='word_1_7' title='bbox 357 681 483 764; x_wconf 91' lang='lat' dir='ltr'><strong>quidem</strong></span> <span class='ocrx_word' id='word_1_8' title='bbox 514 681 559 746; x_wconf 88' lang='lat' dir='ltr'><strong>sic</strong></span> <span class='ocrx_word' id='word_1_9' title='bbox 586 681 788 764; x_wconf 73' lang='lat' dir='ltr'><strong>intellegunt,</strong></span> <span class='ocrx_word' id='word_1_10' title='bbox 818 683 855 743; x_wconf 94' lang='lat' dir='ltr'><strong>ut</strong></span> <span class='ocrx_word' id='word_1_11' title='bbox 880 698 1049 762; x_wconf 79' lang='lat' dir='ltr'>personam</span> <span class='ocrx_word' id='word_1_12' title='bbox 1076 679 1176 761; x_wconf 87' lang='lat' dir='ltr'><strong>patris</strong></span> <span class='ocrx_word' id='word_1_13' title='bbox 1205 680 1398 744; x_wconf 67' lang='lat' dir='ltr'>declaratam</span> 
     </span>
     <span class='ocr_line' id='line_1_3' title="bbox 248 786 1400 869; baseline -0.003 -15"><span class='ocrx_word' id='word_1_14' title='bbox 248 809 318 854; x_wconf 88' lang='lat' dir='ltr'><strong>esse</strong></span> <span class='ocrx_word' id='word_1_15' title='bbox 344 789 451 854; x_wconf 90' lang='lat' dir='ltr'><strong>dicant</strong></span> <span class='ocrx_word' id='word_1_16' title='bbox 473 788 505 852; x_wconf 95' lang='lat' dir='ltr'><strong>in</strong></span> <span class='ocrx_word' id='word_1_17' title='bbox 530 807 577 862; x_wconf 86' lang='lat' dir='ltr'><strong>ec,</strong></span> <span class='ocrx_word' id='word_1_18' title='bbox 602 787 686 869; x_wconf 88' lang='lat' dir='ltr'><strong>quod</strong></span> <span class='ocrx_word' id='word_1_19' title='bbox 716 787 872 868; x_wconf 89' lang='lat' dir='ltr'><strong>scriptum</strong></span> <span class='ocrx_word' id='word_1_20' title='bbox 902 788 969 850; x_wconf 97' lang='grc' dir='ltr'>θεῖε</span> <span class='ocrx_word' id='word_1_21' title='bbox 999 790 1036 851; x_wconf 87' lang='grc' dir='ltr'>θῖ</span> <span class='ocrx_word' id='word_1_22' title='bbox 1064 787 1161 850; x_wconf 82' lang='lat' dir='ltr'><strong>dixit</strong></span> <span class='ocrx_word' id='word_1_23' title='bbox 1189 786 1295 851; x_wconf 84' lang='lat' dir='ltr'><strong>deus:</strong></span> <span class='ocrx_word' id='word_1_24' title='bbox 1324 787 1400 850; x_wconf 83' lang='lat' dir='ltr'><strong>fiat</strong></span> 
     </span>
     <span class='ocr_line' id='line_1_4' title="bbox 247 893 1400 976; baseline -0.003 -17"><span class='ocrx_word' id='word_1_25' title='bbox 247 896 530 960; x_wconf 81' lang='lat' dir='ltr'><strong>firmamentum</strong></span> <span class='ocrx_word' id='word_1_26' title='bbox 553 895 591 959; x_wconf 91' lang='lat' dir='ltr'><strong>iu</strong></span> <span class='ocrx_word' id='word_1_27' title='bbox 615 895 736 959; x_wconf 90' lang='lat' dir='ltr'><strong>medio</strong></span> <span class='ocrx_word' id='word_1_28' title='bbox 762 913 953 976; x_wconf 75' lang='lat' dir='ltr'><strong>uquarum,</strong></span> <span class='ocrx_word' id='word_1_29' title='bbox 983 896 1019 957; x_wconf 93' lang='grc' dir='ltr'>θῖ</span> <span class='ocrx_word' id='word_1_30' title='bbox 1047 893 1099 958; x_wconf 87' lang='lat' dir='ltr'><strong>sit</strong></span> <span class='ocrx_word' id='word_1_31' title='bbox 1126 893 1267 958; x_wconf 86' lang='lat' dir='ltr'><strong>diuiaic</strong></span> <span class='ocrx_word' id='word_1_32' title='bbox 1295 894 1400 957; x_wconf 90' lang='lat' dir='ltr'><strong>inter</strong></span> 
     </span>
     <span class='ocr_line' id='line_1_5' title="bbox 248 1001 1400 1084; baseline -0.002 -18"><span class='ocrx_word' id='word_1_33' title='bbox 248 1020 380 1084; x_wconf 89' lang='lat' dir='ltr'><strong>aquam</strong></span> <span class='ocrx_word' id='word_1_34' title='bbox 406 1004 443 1065; x_wconf 90' lang='grc' dir='ltr'>θῖ</span> <span class='ocrx_word' id='word_1_35' title='bbox 466 1020 607 1084; x_wconf 91' lang='lat' dir='ltr'><strong>aquam.</strong></span> <span class='ocrx_word' id='word_1_36' title='bbox 638 1004 675 1066; x_wconf 91' lang='grc' dir='ltr'>θῖ</span> <span class='ocrx_word' id='word_1_37' title='bbox 698 1001 752 1066; x_wconf 87' lang='lat' dir='ltr'><strong>sic</strong></span> <span class='ocrx_word' id='word_1_38' title='bbox 777 1001 1009 1078; x_wconf 85' lang='lat' dir='ltr'><strong>estfactum,</strong></span> <span class='ocrx_word' id='word_1_39' title='bbox 1037 1021 1073 1065; x_wconf 88' lang='lat' dir='ltr'><strong>ac</strong></span> <span class='ocrx_word' id='word_1_40' title='bbox 1097 1001 1220 1078; x_wconf 80' lang='lat' dir='ltr'><strong>deinde,</strong></span> <span class='ocrx_word' id='word_1_41' title='bbox 1244 1004 1282 1064; x_wconf 89' lang='lat' dir='ltr'><strong>ut</strong></span> <span class='ocrx_word' id='word_1_42' title='bbox 1304 1001 1400 1065; x_wconf 86' lang='lat' dir='ltr'><strong>iutel-</strong></span> 
     </span>
     <span class='ocr_line' id='line_1_6' title="bbox 246 1107 1452 1192; baseline 0.002 -20"><span class='ocrx_word' id='word_1_43' title='bbox 246 1109 373 1192; x_wconf 80' lang='lat' dir='ltr'>legatur</span> <span class='ocrx_word' id='word_1_44' title='bbox 404 1107 491 1172; x_wconf 90' lang='lat' dir='ltr'><strong>filius</strong></span> <span class='ocrx_word' id='word_1_45' title='bbox 523 1108 655 1186; x_wconf 85' lang='lat' dir='ltr'><strong>fecisse,</strong></span> <span class='ocrx_word' id='word_1_46' title='bbox 689 1107 775 1190; x_wconf 88' lang='lat' dir='ltr'><strong>quod</strong></span> <span class='ocrx_word' id='word_1_47' title='bbox 808 1127 826 1172; x_wconf 92' lang='lat' dir='ltr'><strong>a</strong></span> <span class='ocrx_word' id='word_1_48' title='bbox 855 1112 945 1190; x_wconf 90' lang='lat' dir='ltr'><strong>patre</strong></span> <span class='ocrx_word' id='word_1_49' title='bbox 979 1108 1099 1173; x_wconf 90' lang='lat' dir='ltr'><strong>dictum</strong></span> <span class='ocrx_word' id='word_1_50' title='bbox 1132 1110 1195 1185; x_wconf 86' lang='lat' dir='ltr'><strong>est,</strong></span> <span class='ocrx_word' id='word_1_51' title='bbox 1228 1111 1266 1172; x_wconf 87' lang='lat' dir='ltr'><strong>ut</strong></span> <span class='ocrx_word' id='word_1_52' title='bbox 1296 1107 1398 1184; x_wconf 82' lang='lat' dir='ltr'><strong>fieret,</strong></span> <span class='ocrx_word' id='word_1_53' title='bbox 1432 1137 1452 1174; x_wconf 74' lang='lat' dir='ltr'><strong>a</strong></span> 
     </span>
     <span class='ocr_line' id='line_1_7' title="bbox 249 1214 1396 1280; baseline -0.002 -2"><span class='ocrx_word' id='word_1_54' title='bbox 249 1215 441 1279; x_wconf 73' lang='lat' dir='ltr'>arbitrantur</span> <span class='ocrx_word' id='word_1_55' title='bbox 470 1233 540 1279; x_wconf 88' lang='lat' dir='ltr'><strong>esse</strong></span> <span class='ocrx_word' id='word_1_56' title='bbox 570 1216 767 1280; x_wconf 87' lang='lat' dir='ltr'><strong>subnexum:</strong></span> <span class='ocrx_word' id='word_1_57' title='bbox 802 1217 839 1279; x_wconf 88' lang='lat' dir='ltr'><strong>et</strong></span> <span class='ocrx_word' id='word_1_58' title='bbox 871 1214 965 1279; x_wconf 85' lang='lat' dir='ltr'><strong>lecit</strong></span> <span class='ocrx_word' id='word_1_59' title='bbox 997 1215 1088 1280; x_wconf 88' lang='lat' dir='ltr'><strong>deus</strong></span> <span class='ocrx_word' id='word_1_60' title='bbox 1116 1215 1396 1279; x_wconf 80' lang='lat' dir='ltr'><strong>firmamentum</strong></span> 
     </span>
     <span class='ocr_line' id='line_1_8' title="bbox 248 1321 751 1387; baseline -0.002 0"><span class='ocrx_word' id='word_1_61' title='bbox 248 1324 285 1387; x_wconf 88' lang='lat' dir='ltr'><strong>et</strong></span> <span class='ocrx_word' id='word_1_62' title='bbox 308 1321 446 1386; x_wconf 85' lang='lat' dir='ltr'><strong>diuisit</strong></span> <span class='ocrx_word' id='word_1_63' title='bbox 470 1321 562 1386; x_wconf 87' lang='lat' dir='ltr'><strong>deus</strong></span> <span class='ocrx_word' id='word_1_64' title='bbox 587 1325 620 1386; x_wconf 89' lang='lat' dir='ltr'><strong>et</strong></span> <span class='ocrx_word' id='word_1_65' title='bbox 639 1325 751 1386; x_wconf 88' lang='lat' dir='ltr'><strong>cetera.</strong></span> 
     </span>
    </p>

    <p class='ocr_par' dir='ltr' id='par_1_3' title="bbox 248 1427 1455 2791">
     <span class='ocr_line' id='line_1_9' title="bbox 295 1427 1399 1512; baseline -0.001 -20"><span class='ocrx_word' id='word_1_66' title='bbox 295 1427 356 1493; x_wconf 84' lang='lat' dir='ltr'><strong>Sed</strong></span> <span class='ocrx_word' id='word_1_67' title='bbox 381 1447 455 1492; x_wconf 87' lang='lat' dir='ltr'><strong>curn</strong></span> <span class='ocrx_word' id='word_1_68' title='bbox 479 1430 573 1493; x_wconf 88' lang='lat' dir='ltr'><strong>autea</strong></span> <span class='ocrx_word' id='word_1_69' title='bbox 594 1429 733 1512; x_wconf 82' lang='lat' dir='ltr'><strong>legitur:</strong></span> <span class='ocrx_word' id='word_1_70' title='bbox 758 1432 796 1494; x_wconf 92' lang='lat' dir='ltr'><strong>et</strong></span> <span class='ocrx_word' id='word_1_71' title='bbox 819 1429 874 1494; x_wconf 88' lang='lat' dir='ltr'><strong>sic</strong></span> <span class='ocrx_word' id='word_1_72' title='bbox 898 1431 957 1493; x_wconf 89' lang='grc' dir='ltr'><strong>θεῖ</strong></span> <span class='ocrx_word' id='word_1_73' title='bbox 979 1429 1134 1505; x_wconf 79' lang='lat' dir='ltr'><strong>factum,</strong></span> <span class='ocrx_word' id='word_1_74' title='bbox 1155 1447 1173 1491; x_wconf 92' lang='lat' dir='ltr'>a</span> <span class='ocrx_word' id='word_1_75' title='bbox 1191 1447 1253 1510; x_wconf 87' lang='lat' dir='ltr'><strong>quo</strong></span> <span class='ocrx_word' id='word_1_76' title='bbox 1272 1427 1399 1491; x_wconf 88' lang='lat' dir='ltr'><strong>intelle-</strong></span> 
     </span>
     <span class='ocr_line' id='line_1_10' title="bbox 251 1534 1400 1619; baseline -0.001 -21"><span class='ocrx_word' id='word_1_77' title='bbox 251 1535 356 1618; x_wconf 85' lang='lat' dir='ltr'><strong>gimus</strong></span> <span class='ocrx_word' id='word_1_78' title='bbox 376 1535 523 1600; x_wconf 80' lang='lat' dir='ltr'><strong>facturn?</strong></span> <span class='ocrx_word' id='word_1_79' title='bbox 548 1535 699 1613; x_wconf 78' lang='lat' dir='ltr'><strong>cistilio,</strong></span> <span class='ocrx_word' id='word_1_80' title='bbox 718 1536 795 1619; x_wconf 92' lang='lat' dir='ltr'><strong>quid</strong></span> <span class='ocrx_word' id='word_1_81' title='bbox 819 1555 899 1618; x_wconf 88' lang='lat' dir='ltr'><strong>opus</strong></span> <span class='ocrx_word' id='word_1_82' title='bbox 923 1538 991 1599; x_wconf 89' lang='lat' dir='ltr'><strong>erat</strong></span> <span class='ocrx_word' id='word_1_83' title='bbox 1013 1535 1075 1598; x_wconf 89' lang='lat' dir='ltr'><strong>iam</strong></span> <span class='ocrx_word' id='word_1_84' title='bbox 1101 1536 1224 1599; x_wconf 87' lang='lat' dir='ltr'><strong>dicere:</strong></span> <span class='ocrx_word' id='word_1_85' title='bbox 1249 1537 1286 1599; x_wconf 92' lang='lat' dir='ltr'><strong>et</strong></span> <span class='ocrx_word' id='word_1_86' title='bbox 1303 1534 1400 1598; x_wconf 84' lang='lat' dir='ltr'><strong>fecit</strong></span> 
     </span>
     <span class='ocr_line' id='line_1_11' title="bbox 249 1641 1455 1724; baseline 0.002 -20"><span class='ocrx_word' id='word_1_87' title='bbox 249 1642 341 1707; x_wconf 91' lang='lat' dir='ltr'><strong>deus</strong></span> <span class='ocrx_word' id='word_1_88' title='bbox 366 1645 398 1706; x_wconf 91' lang='lat' dir='ltr'><strong>et</strong></span> <span class='ocrx_word' id='word_1_89' title='bbox 423 1661 503 1724; x_wconf 92' lang='lat' dir='ltr'><strong>qnae</strong></span> <span class='ocrx_word' id='word_1_90' title='bbox 528 1644 731 1724; x_wconf 79' lang='lat' dir='ltr'><strong>sequuntur?</strong></span> <span class='ocrx_word' id='word_1_91' title='bbox 765 1641 793 1707; x_wconf 89' lang='lat' dir='ltr'><strong>si</strong></span> <span class='ocrx_word' id='word_1_92' title='bbox 820 1646 928 1706; x_wconf 89' lang='lat' dir='ltr'><strong>autern</strong></span> <span class='ocrx_word' id='word_1_93' title='bbox 958 1641 1043 1723; x_wconf 89' lang='lat' dir='ltr'><strong>quod</strong></span> <span class='ocrx_word' id='word_1_94' title='bbox 1070 1641 1225 1722; x_wconf 86' lang='lat' dir='ltr'><strong>scripturn</strong></span> <span class='ocrx_word' id='word_1_95' title='bbox 1260 1643 1327 1704; x_wconf 88' lang='grc' dir='ltr'>θεῖε</span> <span class='ocrx_word' id='word_1_96' title='bbox 1360 1642 1399 1703; x_wconf 89' lang='grc' dir='ltr'>θῖ</span> <span class='ocrx_word' id='word_1_97' title='bbox 1422 1672 1455 1710; x_wconf 80' lang='lat' dir='ltr'><strong>n&gt;</strong></span> 
     </span>
     <span class='ocr_line' id='line_1_12' title="bbox 250 1746 1399 1831; baseline -0.003 -18"><span class='ocrx_word' id='word_1_98' title='bbox 250 1749 304 1813; x_wconf 87' lang='lat' dir='ltr'><strong>sic</strong></span> <span class='ocrx_word' id='word_1_99' title='bbox 339 1750 399 1813; x_wconf 89' lang='lat' dir='ltr'><strong>est</strong></span> <span class='ocrx_word' id='word_1_100' title='bbox 430 1749 588 1824; x_wconf 85' lang='lat' dir='ltr'><strong>facturn,</strong></span> <span class='ocrx_word' id='word_1_101' title='bbox 618 1769 636 1812; x_wconf 90' lang='lat' dir='ltr'><strong>a</strong></span> <span class='ocrx_word' id='word_1_102' title='bbox 667 1750 755 1831; x_wconf 89' lang='lat' dir='ltr'><strong>patre</strong></span> <span class='ocrx_word' id='word_1_103' title='bbox 788 1747 1037 1812; x_wconf 81' lang='lat' dir='ltr'><strong>intellexerimus</strong></span> <span class='ocrx_word' id='word_1_104' title='bbox 1070 1747 1207 1824; x_wconf 80' lang='lat' dir='ltr'><strong>factum,</strong></span> <span class='ocrx_word' id='word_1_105' title='bbox 1240 1766 1302 1812; x_wconf 86' lang='lat' dir='ltr'><strong>neu</strong></span> <span class='ocrx_word' id='word_1_106' title='bbox 1333 1746 1399 1810; x_wconf 92' lang='lat' dir='ltr'><strong>iam</strong></span> 
     </span>
     <span class='ocr_line' id='line_1_13' title="bbox 248 1852 1400 1938; baseline -0.001 -20"><span class='ocrx_word' id='word_1_107' title='bbox 248 1857 338 1936; x_wconf 88' lang='lat' dir='ltr'><strong>pater</strong></span> <span class='ocrx_word' id='word_1_108' title='bbox 367 1854 445 1919; x_wconf 90' lang='lat' dir='ltr'><strong>dicit</strong></span> <span class='ocrx_word' id='word_1_109' title='bbox 474 1857 506 1919; x_wconf 92' lang='grc' dir='ltr'>θῖ</span> <span class='ocrx_word' id='word_1_110' title='bbox 533 1855 620 1919; x_wconf 89' lang='lat' dir='ltr'><strong>filius</strong></span> <span class='ocrx_word' id='word_1_111' title='bbox 643 1855 731 1934; x_wconf 78' lang='lat' dir='ltr'><strong>facit,</strong></span> <span class='ocrx_word' id='word_1_112' title='bbox 756 1857 789 1920; x_wconf 90' lang='lat' dir='ltr'><strong>et</strong></span> <span class='ocrx_word' id='word_1_113' title='bbox 811 1858 920 1938; x_wconf 83' lang='lat' dir='ltr'><strong>petest</strong></span> <span class='ocrx_word' id='word_1_114' title='bbox 942 1855 1063 1937; x_wconf 88' lang='lat' dir='ltr'><strong>aliquid</strong></span> <span class='ocrx_word' id='word_1_115' title='bbox 1090 1853 1307 1936; x_wconf 88' lang='lat' dir='ltr'><strong>paterfacere</strong></span> <span class='ocrx_word' id='word_1_116' title='bbox 1330 1852 1400 1918; x_wconf 86' lang='lat' dir='ltr'><strong>sine</strong></span> 
     </span>
     <span class='ocr_line' id='line_1_14' title="bbox 249 1959 1397 2039; baseline -0.001 -15"><span class='ocrx_word' id='word_1_117' title='bbox 249 1960 326 2038; x_wconf 82' lang='lat' dir='ltr'><strong>filio,</strong></span> <span class='ocrx_word' id='word_1_118' title='bbox 361 1963 398 2024; x_wconf 91' lang='lat' dir='ltr'><strong>ut</strong></span> <span class='ocrx_word' id='word_1_119' title='bbox 430 1959 543 2025; x_wconf 90' lang='lat' dir='ltr'><strong>deinde</strong></span> <span class='ocrx_word' id='word_1_120' title='bbox 575 1961 663 2026; x_wconf 87' lang='lat' dir='ltr'><strong>filius</strong></span> <span class='ocrx_word' id='word_1_121' title='bbox 696 1980 757 2025; x_wconf 87' lang='lat' dir='ltr'><strong>nou</strong></span> <span class='ocrx_word' id='word_1_122' title='bbox 790 1961 861 2039; x_wconf 81' lang='lat' dir='ltr'><strong>hoc,</strong></span> <span class='ocrx_word' id='word_1_123' title='bbox 895 1960 951 2024; x_wconf 87' lang='lat' dir='ltr'><strong>sed</strong></span> <span class='ocrx_word' id='word_1_124' title='bbox 983 1961 1069 2024; x_wconf 88' lang='lat' dir='ltr'><strong>aliud</strong></span> <span class='ocrx_word' id='word_1_125' title='bbox 1103 1960 1251 2025; x_wconf 86' lang='lat' dir='ltr'><strong>similiter</strong></span> <span class='ocrx_word' id='word_1_126' title='bbox 1282 1960 1397 2025; x_wconf 88' lang='lat' dir='ltr'><strong>faciat:</strong></span> 
     </span>
     <span class='ocr_line' id='line_1_15' title="bbox 252 2067 1398 2150; baseline -0.001 -19"><span class='ocrx_word' id='word_1_127' title='bbox 252 2068 335 2150; x_wconf 90' lang='lat' dir='ltr'><strong>quod</strong></span> <span class='ocrx_word' id='word_1_128' title='bbox 369 2072 419 2133; x_wconf 88' lang='grc' dir='ltr'><strong>θεῖ</strong></span> <span class='ocrx_word' id='word_1_129' title='bbox 452 2071 560 2133; x_wconf 87' lang='lat' dir='ltr'><strong>contra</strong></span> <span class='ocrx_word' id='word_1_130' title='bbox 593 2069 782 2133; x_wconf 77' lang='lat' dir='ltr'><strong>catholicam</strong></span> <span class='ocrx_word' id='word_1_131' title='bbox 812 2068 919 2132; x_wconf 89' lang='lat' dir='ltr'><strong>fidem.</strong></span> <span class='ocrx_word' id='word_1_132' title='bbox 958 2069 986 2132; x_wconf 86' lang='lat' dir='ltr'><strong>ai</strong></span> <span class='ocrx_word' id='word_1_133' title='bbox 1014 2070 1122 2131; x_wconf 89' lang='lat' dir='ltr'><strong>autem</strong></span> <span class='ocrx_word' id='word_1_134' title='bbox 1148 2067 1240 2145; x_wconf 80' lang='lat' dir='ltr'><strong>illud,</strong></span> <span class='ocrx_word' id='word_1_135' title='bbox 1270 2067 1308 2130; x_wconf 93' lang='lat' dir='ltr'><strong>de</strong></span> <span class='ocrx_word' id='word_1_136' title='bbox 1335 2086 1398 2149; x_wconf 88' lang='lat' dir='ltr'><strong>quc</strong></span> 
     </span>
     <span class='ocr_line' id='line_1_16' title="bbox 254 2173 1449 2252; baseline 0.002 -14"><span class='ocrx_word' id='word_1_137' title='bbox 254 2174 387 2238; x_wconf 91' lang='lat' dir='ltr'><strong>dicitur:</strong></span> <span class='ocrx_word' id='word_1_138' title='bbox 409 2175 520 2240; x_wconf 84' lang='lat' dir='ltr'><strong>etsie</strong></span> <span class='ocrx_word' id='word_1_139' title='bbox 540 2178 598 2240; x_wconf 89' lang='grc' dir='ltr'><strong>θεῖ</strong></span> <span class='ocrx_word' id='word_1_140' title='bbox 616 2175 769 2252; x_wconf 79' lang='lat' dir='ltr'><strong>lactum,</strong></span> <span class='ocrx_word' id='word_1_141' title='bbox 788 2175 850 2240; x_wconf 90' lang='lat' dir='ltr'><strong>hoc</strong></span> <span class='ocrx_word' id='word_1_142' title='bbox 868 2174 954 2238; x_wconf 90' lang='lat' dir='ltr'><strong>idem</strong></span> <span class='ocrx_word' id='word_1_143' title='bbox 972 2173 1019 2249; x_wconf 86' lang='lat' dir='ltr'><strong>fit,</strong></span> <span class='ocrx_word' id='word_1_144' title='bbox 1040 2193 1111 2238; x_wconf 92' lang='lat' dir='ltr'><strong>curn</strong></span> <span class='ocrx_word' id='word_1_145' title='bbox 1131 2174 1243 2238; x_wconf 90' lang='lat' dir='ltr'><strong>itidem</strong></span> <span class='ocrx_word' id='word_1_146' title='bbox 1263 2173 1397 2238; x_wconf 87' lang='lat' dir='ltr'><strong>dicitur:</strong></span> <span class='ocrx_word' id='word_1_147' title='bbox 1423 2203 1449 2242; x_wconf 75' lang='grc' dir='ltr'><strong>ιθ</strong></span> 
     </span>
     <span class='ocr_line' id='line_1_17' title="bbox 253 2279 1399 2363; baseline -0.002 -19"><span class='ocrx_word' id='word_1_148' title='bbox 253 2283 290 2344; x_wconf 91' lang='grc' dir='ltr'>θῖ</span> <span class='ocrx_word' id='word_1_149' title='bbox 313 2281 408 2344; x_wconf 85' lang='lat' dir='ltr'><strong>lecit</strong></span> <span class='ocrx_word' id='word_1_150' title='bbox 432 2281 532 2359; x_wconf 77' lang='lat' dir='ltr'><strong>deur,</strong></span> <span class='ocrx_word' id='word_1_151' title='bbox 559 2282 633 2363; x_wconf 90' lang='lat' dir='ltr'><strong>quid</strong></span> <span class='ocrx_word' id='word_1_152' title='bbox 656 2281 805 2363; x_wconf 88' lang='lat' dir='ltr'><strong>prohibet</strong></span> <span class='ocrx_word' id='word_1_153' title='bbox 829 2280 963 2345; x_wconf 91' lang='lat' dir='ltr'><strong>eundern</strong></span> <span class='ocrx_word' id='word_1_154' title='bbox 986 2281 1173 2363; x_wconf 86' lang='lat' dir='ltr'><strong>intellegere</strong></span> <span class='ocrx_word' id='word_1_155' title='bbox 1192 2281 1295 2344; x_wconf 87' lang='lat' dir='ltr'><strong>facere</strong></span> <span class='ocrx_word' id='word_1_156' title='bbox 1315 2279 1399 2361; x_wconf 88' lang='lat' dir='ltr'><strong>quud</strong></span> 
     </span>
     <span class='ocr_line' id='line_1_18' title="bbox 251 2385 1398 2470; baseline -0.002 -20"><span class='ocrx_word' id='word_1_157' title='bbox 251 2385 339 2464; x_wconf 75' lang='lat' dir='ltr'><strong>dixit,</strong></span> <span class='ocrx_word' id='word_1_158' title='bbox 365 2388 419 2470; x_wconf 91' lang='lat' dir='ltr'><strong>qui</strong></span> <span class='ocrx_word' id='word_1_159' title='bbox 443 2388 530 2464; x_wconf 79' lang='lat' dir='ltr'><strong>dixit,</strong></span> <span class='ocrx_word' id='word_1_160' title='bbox 550 2391 589 2452; x_wconf 92' lang='lat' dir='ltr'><strong>ut</strong></span> <span class='ocrx_word' id='word_1_161' title='bbox 606 2389 720 2452; x_wconf 79' lang='lat' dir='ltr'><strong>fieret?</strong></span> <span class='ocrx_word' id='word_1_162' title='bbox 745 2409 783 2452; x_wconf 90' lang='lat' dir='ltr'><strong>an</strong></span> <span class='ocrx_word' id='word_1_163' title='bbox 804 2389 900 2451; x_wconf 89' lang='lat' dir='ltr'><strong>etiam</strong></span> <span class='ocrx_word' id='word_1_164' title='bbox 921 2389 1051 2468; x_wconf 87' lang='lat' dir='ltr'><strong>excepto</strong></span> <span class='ocrx_word' id='word_1_165' title='bbox 1071 2406 1119 2463; x_wconf 73' lang='lat' dir='ltr'><strong>eo,</strong></span> <span class='ocrx_word' id='word_1_166' title='bbox 1140 2386 1224 2469; x_wconf 87' lang='lat' dir='ltr'><strong>quod</strong></span> <span class='ocrx_word' id='word_1_167' title='bbox 1243 2387 1398 2468; x_wconf 86' lang='lat' dir='ltr'><strong>scriptum</strong></span> 
     </span>
     <span class='ocr_line' id='line_1_19' title="bbox 252 2493 1398 2576; baseline -0.002 -18"><span class='ocrx_word' id='word_1_168' title='bbox 252 2497 319 2558; x_wconf 91' lang='grc' dir='ltr'>θεῖε</span> <span class='ocrx_word' id='word_1_169' title='bbox 351 2498 388 2559; x_wconf 89' lang='grc' dir='ltr'>θῖ</span> <span class='ocrx_word' id='word_1_170' title='bbox 415 2495 470 2560; x_wconf 89' lang='lat' dir='ltr'><strong>sic</strong></span> <span class='ocrx_word' id='word_1_171' title='bbox 498 2499 557 2559; x_wconf 87' lang='grc' dir='ltr'><strong>θεῖ</strong></span> <span class='ocrx_word' id='word_1_172' title='bbox 583 2497 737 2573; x_wconf 79' lang='lat' dir='ltr'><strong>factum,</strong></span> <span class='ocrx_word' id='word_1_173' title='bbox 762 2495 984 2559; x_wconf 89' lang='lat' dir='ltr'><strong>tantummodo</strong></span> <span class='ocrx_word' id='word_1_174' title='bbox 1008 2494 1041 2558; x_wconf 92' lang='lat' dir='ltr'><strong>in</strong></span> <span class='ocrx_word' id='word_1_175' title='bbox 1065 2494 1115 2558; x_wconf 90' lang='lat' dir='ltr'><strong>his</strong></span> <span class='ocrx_word' id='word_1_176' title='bbox 1139 2494 1257 2571; x_wconf 87' lang='lat' dir='ltr'><strong>uerbis,</strong></span> <span class='ocrx_word' id='word_1_177' title='bbox 1283 2493 1398 2576; x_wconf 86' lang='lat' dir='ltr'><strong>quibus</strong></span> 
     </span>
     <span class='ocr_line' id='line_1_20' title="bbox 253 2598 1402 2682; baseline -0.002 -19"><span class='ocrx_word' id='word_1_178' title='bbox 253 2600 388 2665; x_wconf 89' lang='lat' dir='ltr'><strong>dicitur:</strong></span> <span class='ocrx_word' id='word_1_179' title='bbox 422 2602 459 2665; x_wconf 90' lang='lat' dir='ltr'><strong>et</strong></span> <span class='ocrx_word' id='word_1_180' title='bbox 487 2602 582 2665; x_wconf 86' lang='lat' dir='ltr'><strong>dixit</strong></span> <span class='ocrx_word' id='word_1_181' title='bbox 610 2602 717 2666; x_wconf 86' lang='lat' dir='ltr'><strong>deus:</strong></span> <span class='ocrx_word' id='word_1_182' title='bbox 747 2602 832 2679; x_wconf 79' lang='lat' dir='ltr'><strong>siat,</strong></span> <span class='ocrx_word' id='word_1_183' title='bbox 862 2604 895 2664; x_wconf 89' lang='grc' dir='ltr'>θῖ</span> <span class='ocrx_word' id='word_1_184' title='bbox 926 2603 1039 2682; x_wconf 86' lang='lat' dir='ltr'><strong>postea</strong></span> <span class='ocrx_word' id='word_1_185' title='bbox 1072 2598 1206 2664; x_wconf 86' lang='lat' dir='ltr'><strong>dicitur:</strong></span> <span class='ocrx_word' id='word_1_186' title='bbox 1240 2602 1277 2663; x_wconf 93' lang='grc' dir='ltr'>θῖ</span> <span class='ocrx_word' id='word_1_187' title='bbox 1307 2598 1402 2663; x_wconf 89' lang='lat' dir='ltr'><strong>fecit</strong></span> 
     </span>
     <span class='ocr_line' id='line_1_21' title="bbox 253 2706 1455 2791; baseline 0.005 -22"><span class='ocrx_word' id='word_1_188' title='bbox 253 2706 355 2779; x_wconf 84' lang='lat' dir='ltr'><strong>deus,</strong></span> <span class='ocrx_word' id='word_1_189' title='bbox 379 2708 478 2790; x_wconf 88' lang='lat' dir='ltr'><strong>patris</strong></span> <span class='ocrx_word' id='word_1_190' title='bbox 503 2711 535 2771; x_wconf 91' lang='lat' dir='ltr'><strong>ct</strong></span> <span class='ocrx_word' id='word_1_191' title='bbox 558 2708 618 2771; x_wconf 88' lang='lat' dir='ltr'><strong>filii</strong></span> <span class='ocrx_word' id='word_1_192' title='bbox 640 2727 809 2791; x_wconf 87' lang='lat' dir='ltr'><strong>personam</strong></span> <span class='ocrx_word' id='word_1_193' title='bbox 832 2707 949 2772; x_wconf 90' lang='lat' dir='ltr'><strong>uolunt</strong></span> <span class='ocrx_word' id='word_1_194' title='bbox 970 2706 1141 2789; x_wconf 74' lang='lat' dir='ltr'><strong>intellegi?</strong></span> <span class='ocrx_word' id='word_1_195' title='bbox 1424 2737 1455 2775; x_wconf 80' lang='lat' dir='ltr'><strong>ao</strong></span> 
     </span>
    </p>

    <p class='ocr_par' dir='ltr' id='par_1_4' title="bbox 253 2811 1455 3746">
     <span class='ocr_line' id='line_1_22' title="bbox 298 2811 1401 2898; baseline -0.004 -20"><span class='ocrx_word' id='word_1_196' title='bbox 298 2813 360 2878; x_wconf 86' lang='lat' dir='ltr'><strong>Sed</strong></span> <span class='ocrx_word' id='word_1_197' title='bbox 385 2814 493 2896; x_wconf 92' lang='lat' dir='ltr'><strong>quaeri</strong></span> <span class='ocrx_word' id='word_1_198' title='bbox 517 2814 761 2898; x_wconf 79' lang='lat' dir='ltr'><strong>adhuc&#39;pctest</strong></span> <span class='ocrx_word' id='word_1_199' title='bbox 786 2817 893 2878; x_wconf 90' lang='lat' dir='ltr'><strong>utrum</strong></span> <span class='ocrx_word' id='word_1_200' title='bbox 919 2812 1010 2896; x_wconf 86' lang='lat' dir='ltr'><strong>quasi</strong></span> <span class='ocrx_word' id='word_1_201' title='bbox 1032 2811 1168 2876; x_wconf 82' lang='lat' dir='ltr'><strong>iussisse</strong></span> <span class='ocrx_word' id='word_1_202' title='bbox 1191 2812 1256 2875; x_wconf 88' lang='lat' dir='ltr'><strong>tilio</strong></span> <span class='ocrx_word' id='word_1_203' title='bbox 1280 2815 1401 2894; x_wconf 89' lang='lat' dir='ltr'><strong>patrem</strong></span> 
     </span>
     <span class='ocr_line' id='line_1_23' title="bbox 253 2917 1400 3003; baseline -0.002 -21"><span class='ocrx_word' id='word_1_204' title='bbox 253 2918 426 2984; x_wconf 86' lang='lat' dir='ltr'><strong>debeamus</strong></span> <span class='ocrx_word' id='word_1_205' title='bbox 451 2921 592 3003; x_wconf 89' lang='lat' dir='ltr'><strong>accipere</strong></span> <span class='ocrx_word' id='word_1_206' title='bbox 615 2922 648 2985; x_wconf 92' lang='lat' dir='ltr'><strong>in</strong></span> <span class='ocrx_word' id='word_1_207' title='bbox 673 2940 719 2999; x_wconf 74' lang='lat' dir='ltr'><strong>eo,</strong></span> <span class='ocrx_word' id='word_1_208' title='bbox 741 2920 827 3003; x_wconf 87' lang='lat' dir='ltr'><strong>quod</strong></span> <span class='ocrx_word' id='word_1_209' title='bbox 847 2920 1000 3002; x_wconf 87' lang='lat' dir='ltr'><strong>scriptum</strong></span> <span class='ocrx_word' id='word_1_210' title='bbox 1023 2921 1090 2983; x_wconf 87' lang='lat' dir='ltr'><strong>est:</strong></span> <span class='ocrx_word' id='word_1_211' title='bbox 1116 2920 1152 2982; x_wconf 90' lang='grc' dir='ltr'>θῖ</span> <span class='ocrx_word' id='word_1_212' title='bbox 1176 2917 1271 2981; x_wconf 82' lang='lat' dir='ltr'><strong>dixit</strong></span> <span class='ocrx_word' id='word_1_213' title='bbox 1294 2918 1400 2981; x_wconf 90' lang='lat' dir='ltr'><strong>deus:</strong></span> 
     </span>
     <span class='ocr_line' id='line_1_24' title="bbox 253 3024 1400 3110; baseline -0.001 -23"><span class='ocrx_word' id='word_1_214' title='bbox 253 3024 338 3089; x_wconf 82' lang='lat' dir='ltr'><strong>liat.</strong></span> <span class='ocrx_word' id='word_1_215' title='bbox 369 3026 425 3091; x_wconf 87' lang='lat' dir='ltr'><strong>sed</strong></span> <span class='ocrx_word' id='word_1_216' title='bbox 450 3046 505 3091; x_wconf 93' lang='lat' dir='ltr'><strong>cur</strong></span> <span class='ocrx_word' id='word_1_217' title='bbox 528 3046 590 3091; x_wconf 88' lang='lat' dir='ltr'><strong>nou</strong></span> <span class='ocrx_word' id='word_1_218' title='bbox 615 3027 773 3110; x_wconf 82' lang='lat' dir='ltr'><strong>scriptura</strong></span> <span class='ocrx_word' id='word_1_219' title='bbox 792 3027 917 3092; x_wconf 90' lang='lat' dir='ltr'><strong>curauit</strong></span> <span class='ocrx_word' id='word_1_220' title='bbox 936 3025 1101 3091; x_wconf 89' lang='lat' dir='ltr'><strong>ostendere</strong></span> <span class='ocrx_word' id='word_1_221' title='bbox 1120 3043 1286 3106; x_wconf 86' lang='lat' dir='ltr'><strong>personam</strong></span> <span class='ocrx_word' id='word_1_222' title='bbox 1306 3024 1400 3087; x_wconf 88' lang='lat' dir='ltr'><strong>etiam</strong></span> 
     </span>
     <span class='ocr_line' id='line_1_25' title="bbox 254 3129 1399 3216; baseline 0.003 -22"><span class='ocrx_word' id='word_1_223' title='bbox 254 3131 386 3213; x_wconf 89' lang='lat' dir='ltr'><strong>spiritus</strong></span> <span class='ocrx_word' id='word_1_224' title='bbox 411 3134 537 3198; x_wconf 81' lang='lat' dir='ltr'><strong>sancti?</strong></span> <span class='ocrx_word' id='word_1_225' title='bbox 572 3154 608 3197; x_wconf 88' lang='lat' dir='ltr'><strong>an</strong></span> <span class='ocrx_word' id='word_1_226' title='bbox 635 3134 680 3197; x_wconf 91' lang='lat' dir='ltr'><strong>ita</strong></span> <span class='ocrx_word' id='word_1_227' title='bbox 703 3134 828 3199; x_wconf 88' lang='lat' dir='ltr'><strong>trinitas</strong></span> <span class='ocrx_word' id='word_1_228' title='bbox 852 3133 1069 3216; x_wconf 87' lang='lat' dir='ltr'><strong>intellegitur:</strong></span> <span class='ocrx_word' id='word_1_229' title='bbox 1104 3132 1142 3195; x_wconf 85' lang='lat' dir='ltr'><strong>et</strong></span> <span class='ocrx_word' id='word_1_230' title='bbox 1169 3129 1265 3193; x_wconf 86' lang='lat' dir='ltr'><strong>dixit</strong></span> <span class='ocrx_word' id='word_1_231' title='bbox 1292 3130 1399 3198; x_wconf 82' lang='lat' dir='ltr'><strong>deus:</strong></span> 
     </span>
     <span class='ocr_line' id='line_1_26' title="bbox 253 3236 1455 3320; baseline 0 -20"><span class='ocrx_word' id='word_1_232' title='bbox 253 3237 334 3303; x_wconf 87' lang='lat' dir='ltr'><strong>fiat.</strong></span> <span class='ocrx_word' id='word_1_233' title='bbox 369 3242 407 3303; x_wconf 89' lang='grc' dir='ltr'>θῖ</span> <span class='ocrx_word' id='word_1_234' title='bbox 432 3240 528 3304; x_wconf 82' lang='lat' dir='ltr'><strong>fecit</strong></span> <span class='ocrx_word' id='word_1_235' title='bbox 556 3240 660 3304; x_wconf 88' lang='lat' dir='ltr'><strong>deus.</strong></span> <span class='ocrx_word' id='word_1_236' title='bbox 695 3242 731 3303; x_wconf 93' lang='lat' dir='ltr'><strong>et</strong></span> <span class='ocrx_word' id='word_1_237' title='bbox 758 3239 860 3303; x_wconf 90' lang='lat' dir='ltr'><strong>uidit</strong></span> <span class='ocrx_word' id='word_1_238' title='bbox 893 3238 999 3315; x_wconf 85' lang='lat' dir='ltr'><strong>deus,</strong></span> <span class='ocrx_word' id='word_1_239' title='bbox 1035 3236 1123 3320; x_wconf 89' lang='lat' dir='ltr'><strong>quia</strong></span> <span class='ocrx_word' id='word_1_240' title='bbox 1153 3237 1291 3301; x_wconf 90' lang='lat' dir='ltr'><strong>bonum</strong></span> <span class='ocrx_word' id='word_1_241' title='bbox 1323 3240 1401 3301; x_wconf 82' lang='lat' dir='ltr'><strong>est?</strong></span> <span class='ocrx_word' id='word_1_242' title='bbox 1424 3268 1455 3309; x_wconf 70' lang='lat'><strong>25</strong></span> 
     </span>
     <span class='ocr_line' id='line_1_27' title="bbox 254 3342 1402 3424; baseline -0.002 -15"><span class='ocrx_word' id='word_1_243' title='bbox 254 3345 311 3410; x_wconf 90' lang='lat' dir='ltr'><strong>sed</strong></span> <span class='ocrx_word' id='word_1_244' title='bbox 348 3365 409 3410; x_wconf 88' lang='lat' dir='ltr'><strong>nou</strong></span> <span class='ocrx_word' id='word_1_245' title='bbox 448 3346 599 3409; x_wconf 89' lang='lat' dir='ltr'><strong>conuenit</strong></span> <span class='ocrx_word' id='word_1_246' title='bbox 629 3345 746 3409; x_wconf 90' lang='lat' dir='ltr'><strong>unitati</strong></span> <span class='ocrx_word' id='word_1_247' title='bbox 779 3344 947 3423; x_wconf 81' lang='lat' dir='ltr'><strong>trinitatis,</strong></span> <span class='ocrx_word' id='word_1_248' title='bbox 981 3347 1019 3407; x_wconf 91' lang='lat' dir='ltr'><strong>ut</strong></span> <span class='ocrx_word' id='word_1_249' title='bbox 1050 3343 1137 3407; x_wconf 90' lang='lat' dir='ltr'><strong>filius</strong></span> <span class='ocrx_word' id='word_1_250' title='bbox 1171 3342 1264 3424; x_wconf 86' lang='lat' dir='ltr'><strong>quasi</strong></span> <span class='ocrx_word' id='word_1_251' title='bbox 1293 3344 1402 3407; x_wconf 88' lang='lat' dir='ltr'><strong>iussus</strong></span> 
     </span>
     <span class='ocr_line' id='line_1_28' title="bbox 254 3450 1403 3536; baseline -0.003 -19"><span class='ocrx_word' id='word_1_252' title='bbox 254 3454 370 3518; x_wconf 86' lang='lat' dir='ltr'><strong>fecisse</strong></span> <span class='ocrx_word' id='word_1_253' title='bbox 393 3453 609 3536; x_wconf 72' lang='lat' dir='ltr'><strong>intellegatur,</strong></span> <span class='ocrx_word' id='word_1_254' title='bbox 635 3453 767 3535; x_wconf 84' lang='lat' dir='ltr'><strong>spiritus</strong></span> <span class='ocrx_word' id='word_1_255' title='bbox 793 3454 900 3515; x_wconf 89' lang='lat' dir='ltr'><strong>autem</strong></span> <span class='ocrx_word' id='word_1_256' title='bbox 925 3454 1054 3515; x_wconf 87' lang='lat' dir='ltr'><strong>sauctus</strong></span> <span class='ocrx_word' id='word_1_257' title='bbox 1077 3450 1164 3514; x_wconf 90' lang='lat' dir='ltr'><strong>nullo</strong></span> <span class='ocrx_word' id='word_1_258' title='bbox 1189 3450 1250 3513; x_wconf 88' lang='lat' dir='ltr'><strong>sibi</strong></span> <span class='ocrx_word' id='word_1_259' title='bbox 1273 3450 1403 3514; x_wconf 90' lang='lat' dir='ltr'><strong>iubente</strong></span> 
     </span>
     <span class='ocr_line' id='line_1_29' title="bbox 253 3556 1401 3640; baseline -0.003 -17"><span class='ocrx_word' id='word_1_260' title='bbox 253 3559 352 3623; x_wconf 90' lang='lat' dir='ltr'><strong>libere</strong></span> <span class='ocrx_word' id='word_1_261' title='bbox 385 3559 506 3625; x_wconf 85' lang='lat' dir='ltr'><strong>uidisse</strong></span> <span class='ocrx_word' id='word_1_262' title='bbox 538 3560 657 3623; x_wconf 88' lang='lat' dir='ltr'><strong>bonum</strong></span> <span class='ocrx_word' id='word_1_263' title='bbox 690 3578 770 3636; x_wconf 81' lang='lat' dir='ltr'><strong>esse,</strong></span> <span class='ocrx_word' id='word_1_264' title='bbox 805 3558 890 3640; x_wconf 89' lang='lat' dir='ltr'><strong>quod</strong></span> <span class='ocrx_word' id='word_1_265' title='bbox 922 3558 1043 3622; x_wconf 88' lang='lat' dir='ltr'><strong>factum</strong></span> <span class='ocrx_word' id='word_1_266' title='bbox 1076 3561 1135 3621; x_wconf 90' lang='lat' dir='ltr'><strong>est.</strong></span> <span class='ocrx_word' id='word_1_267' title='bbox 1174 3556 1290 3638; x_wconf 83' lang='lat' dir='ltr'><strong>quibua</strong></span> <span class='ocrx_word' id='word_1_268' title='bbox 1319 3556 1401 3620; x_wconf 90' lang='lat' dir='ltr'><strong>enim</strong></span> 
     </span>
     <span class='ocr_line' id='line_1_30' title="bbox 254 3662 1403 3746; baseline 0.001 -18"><span class='ocrx_word' id='word_1_269' title='bbox 254 3664 362 3729; x_wconf 86' lang='lat' dir='ltr'><strong>uerbis</strong></span> <span class='ocrx_word' id='word_1_270' title='bbox 385 3666 511 3729; x_wconf 88' lang='lat' dir='ltr'><strong>iuberet</strong></span> <span class='ocrx_word' id='word_1_271' title='bbox 533 3664 598 3729; x_wconf 88' lang='lat' dir='ltr'><strong>filiu</strong></span> <span class='ocrx_word' id='word_1_272' title='bbox 622 3667 722 3746; x_wconf 59' lang='lat' dir='ltr'><strong>pater³</strong></span> <span class='ocrx_word' id='word_1_273' title='bbox 747 3667 785 3728; x_wconf 92' lang='lat' dir='ltr'><strong>ut</strong></span> <span class='ocrx_word' id='word_1_274' title='bbox 807 3665 936 3740; x_wconf 87' lang='lat' dir='ltr'><strong>faceret,</strong></span> <span class='ocrx_word' id='word_1_275' title='bbox 962 3682 1035 3728; x_wconf 91' lang='lat' dir='ltr'><strong>cunr</strong></span> <span class='ocrx_word' id='word_1_276' title='bbox 1062 3664 1132 3746; x_wconf 86' lang='lat' dir='ltr'><strong>ipse</strong></span> <span class='ocrx_word' id='word_1_277' title='bbox 1162 3663 1204 3726; x_wconf 89' lang='lat' dir='ltr'><strong>sit</strong></span> <span class='ocrx_word' id='word_1_278' title='bbox 1231 3662 1403 3745; x_wconf 81' lang='lat' dir='ltr'><strong>principale</strong></span> 
     </span>
    </p>
   </div>
   <div class='ocr_carea' id='block_1_3' title="bbox 256 3870 1410 4477">
    <p class='ocr_par' dir='ltr' id='par_1_5' title="bbox 256 3870 1410 4477">
     <span class='ocr_line' id='line_1_31' title="bbox 293 3870 1406 3944; baseline -0.005 -16"><span class='ocrx_word' id='word_1_279' title='bbox 293 3873 399 3944; x_wconf 90' lang='lat' dir='ltr'><strong>lquod</strong></span> <span class='ocrx_word' id='word_1_280' title='bbox 418 3890 469 3931; x_wconf 84' lang='lat' dir='ltr'><strong>om.</strong></span> <span class='ocrx_word' id='word_1_281' title='bbox 489 3873 524 3925; x_wconf 81' lang='grc' dir='ltr'><strong>Ρι</strong></span> <span class='ocrx_word' id='word_1_282' title='bbox 609 3873 719 3943; x_wconf 87' lang='lat' dir='ltr'><strong>quidam</strong></span> <span class='ocrx_word' id='word_1_283' title='bbox 738 3874 836 3928; x_wconf 83' lang='lat' dir='ltr'><strong><em>EPRb</em></strong></span> <span class='ocrx_word' id='word_1_284' title='bbox 904 3874 1041 3927; x_wconf 83' lang='lat' dir='ltr'><strong>4laetum</strong></span> <span class='ocrx_word' id='word_1_285' title='bbox 1062 3872 1138 3926; x_wconf 77' lang='lat' dir='ltr'><strong>esth</strong></span> <span class='ocrx_word' id='word_1_286' title='bbox 1201 3870 1406 3924; x_wconf 82' lang='lat' dir='ltr'><strong>darbitrautur</strong></span> 
     </span>
     <span class='ocr_line' id='line_1_32' title="bbox 257 3959 1408 4029; baseline -0.004 -12"><span class='ocrx_word' id='word_1_287' title='bbox 257 3964 285 4028; x_wconf 91' lang='lat' dir='ltr'><strong>(n</strong></span> <span class='ocrx_word' id='word_1_288' title='bbox 304 3980 325 4017; x_wconf 88' lang='lat' dir='ltr'><strong>a.</strong></span> <span class='ocrx_word' id='word_1_289' title='bbox 346 3964 363 4017; x_wconf 84' lang='lat' dir='ltr'><strong>l.</strong></span> <span class='ocrx_word' id='word_1_290' title='bbox 382 3980 417 4017; x_wconf 85' lang='lat' dir='ltr'><strong>m.</strong></span> <span class='ocrx_word' id='word_1_291' title='bbox 437 3965 463 4029; x_wconf 81' lang='lat'><strong>1)</strong></span> <span class='ocrx_word' id='word_1_292' title='bbox 482 3964 513 4017; x_wconf 85' lang='lat' dir='ltr'><strong><em>E</em></strong></span> <span class='ocrx_word' id='word_1_293' title='bbox 600 3963 742 4016; x_wconf 85' lang='lat' dir='ltr'><strong>subnixum</strong></span> <span class='ocrx_word' id='word_1_294' title='bbox 761 3962 801 4017; x_wconf 78' lang='grc' dir='ltr'><strong>Ιῖι</strong></span> <span class='ocrx_word' id='word_1_295' title='bbox 879 3962 1021 4016; x_wconf 71' lang='lat' dir='ltr'><strong>&amp;sactum</strong></span> <span class='ocrx_word' id='word_1_296' title='bbox 1046 3962 1122 4016; x_wconf 86' lang='lat' dir='ltr'><strong>estb</strong></span> <span class='ocrx_word' id='word_1_297' title='bbox 1195 3960 1289 4013; x_wconf 75' lang='lat' dir='ltr'><strong>iliam</strong></span> <span class='ocrx_word' id='word_1_298' title='bbox 1313 3959 1408 4013; x_wconf 71' lang='lat' dir='ltr'><strong>ems</strong></span> 
     </span>
     <span class='ocr_line' id='line_1_33' title="bbox 257 4046 1408 4122; baseline -0.006 -15"><span class='ocrx_word' id='word_1_299' title='bbox 257 4053 291 4107; x_wconf 94' lang='lat'><strong>10</strong></span> <span class='ocrx_word' id='word_1_300' title='bbox 310 4056 440 4122; x_wconf 89' lang='lat' dir='ltr'><strong>sequntur</strong></span> <span class='ocrx_word' id='word_1_301' title='bbox 457 4054 488 4107; x_wconf 85' lang='lat' dir='ltr'><strong><em>E</em></strong></span> <span class='ocrx_word' id='word_1_302' title='bbox 503 4054 631 4105; x_wconf 84' lang='lat' dir='ltr'><strong>secuntur</strong></span> <span class='ocrx_word' id='word_1_303' title='bbox 648 4052 676 4106; x_wconf 86' lang='lat' dir='ltr'><em>R</em></span> <span class='ocrx_word' id='word_1_304' title='bbox 768 4052 798 4104; x_wconf 94' lang='lat'><strong>11</strong></span> <span class='ocrx_word' id='word_1_305' title='bbox 819 4051 920 4106; x_wconf 86' lang='lat' dir='ltr'><strong>lactum</strong></span> <span class='ocrx_word' id='word_1_306' title='bbox 940 4055 982 4105; x_wconf 91' lang='lat' dir='ltr'><strong>est</strong></span> <span class='ocrx_word' id='word_1_307' title='bbox 1001 4052 1016 4105; x_wconf 77' lang='lat' dir='ltr'><strong>l&gt;</strong></span> <span class='ocrx_word' id='word_1_308' title='bbox 1109 4052 1142 4104; x_wconf 82' lang='lat'><strong>12</strong></span> <span class='ocrx_word' id='word_1_309' title='bbox 1161 4047 1266 4118; x_wconf 88' lang='lat' dir='ltr'><strong>aliquid</strong></span> <span class='ocrx_word' id='word_1_310' title='bbox 1290 4046 1408 4101; x_wconf 81' lang='lat' dir='ltr'><strong>aliudS</strong></span> 
     </span>
     <span class='ocr_line' id='line_1_34' title="bbox 258 4136 1405 4217; baseline -0.007 -21"><span class='ocrx_word' id='word_1_311' title='bbox 258 4143 290 4196; x_wconf 88' lang='grc'><strong>13</strong></span> <span class='ocrx_word' id='word_1_312' title='bbox 310 4141 380 4195; x_wconf 84' lang='lat' dir='ltr'><strong>aliua</strong></span> <span class='ocrx_word' id='word_1_313' title='bbox 398 4140 436 4195; x_wconf 88' lang='lat' dir='ltr'><strong>P¹</strong></span> <span class='ocrx_word' id='word_1_314' title='bbox 460 4139 555 4196; x_wconf 56' lang='grc' dir='ltr'><strong>συιδ</strong></span> <span class='ocrx_word' id='word_1_315' title='bbox 626 4142 658 4194; x_wconf 85' lang='grc'><strong>15</strong></span> <span class='ocrx_word' id='word_1_316' title='bbox 681 4139 783 4194; x_wconf 88' lang='lat' dir='ltr'><strong>facturn</strong></span> <span class='ocrx_word' id='word_1_317' title='bbox 809 4140 884 4194; x_wconf 85' lang='lat' dir='ltr'><strong>eatb</strong></span> <span class='ocrx_word' id='word_1_318' title='bbox 956 4141 1018 4211; x_wconf 89' lang='lat' dir='ltr'><strong>hoc]</strong></span> <span class='ocrx_word' id='word_1_319' title='bbox 1044 4144 1073 4194; x_wconf 92' lang='lat' dir='ltr'><strong>et</strong></span> <span class='ocrx_word' id='word_1_320' title='bbox 1090 4140 1143 4194; x_wconf 88' lang='lat' dir='ltr'><strong>hoc</strong></span> <span class='ocrx_word' id='word_1_321' title='bbox 1160 4138 1201 4194; x_wconf 65' lang='lat' dir='ltr'><strong>Er</strong></span> <span class='ocrx_word' id='word_1_322' title='bbox 1271 4136 1345 4190; x_wconf 90' lang='lat' dir='ltr'><strong>idem</strong></span> <span class='ocrx_word' id='word_1_323' title='bbox 1362 4137 1405 4217; x_wconf 82' lang='lat' dir='ltr'><strong>fit]</strong></span> 
     </span>
     <span class='ocr_line' id='line_1_35' title="bbox 256 4223 1410 4299; baseline -0.005 -17"><span class='ocrx_word' id='word_1_324' title='bbox 256 4227 401 4284; x_wconf 82' lang='lat' dir='ltr'><strong>itidemS</strong></span> <span class='ocrx_word' id='word_1_325' title='bbox 473 4229 504 4282; x_wconf 86' lang='lat'><strong>17</strong></span> <span class='ocrx_word' id='word_1_326' title='bbox 530 4228 670 4299; x_wconf 84' lang='lat' dir='ltr'><strong>scripturn]</strong></span> <span class='ocrx_word' id='word_1_327' title='bbox 695 4227 839 4282; x_wconf 87' lang='lat' dir='ltr'><strong>dietumb</strong></span> <span class='ocrx_word' id='word_1_328' title='bbox 913 4228 947 4283; x_wconf 91' lang='lat'><strong>18</strong></span> <span class='ocrx_word' id='word_1_329' title='bbox 971 4228 1073 4282; x_wconf 84' lang='lat' dir='ltr'><strong>factum</strong></span> <span class='ocrx_word' id='word_1_330' title='bbox 1098 4228 1178 4281; x_wconf 86' lang='lat' dir='ltr'><strong>eatb</strong></span> <span class='ocrx_word' id='word_1_331' title='bbox 1257 4225 1292 4279; x_wconf 81' lang='lat'><strong>20</strong></span> <span class='ocrx_word' id='word_1_332' title='bbox 1315 4223 1356 4277; x_wconf 85' lang='lat' dir='ltr'><strong>fili</strong></span> <span class='ocrx_word' id='word_1_333' title='bbox 1378 4224 1410 4277; x_wconf 82' lang='grc' dir='ltr'><strong>Ε</strong></span> 
     </span>
     <span class='ocr_line' id='line_1_36' title="bbox 257 4310 1407 4387; baseline -0.006 -16"><span class='ocrx_word' id='word_1_334' title='bbox 257 4319 289 4371; x_wconf 83' lang='grc'><strong>21</strong></span> <span class='ocrx_word' id='word_1_335' title='bbox 316 4316 440 4387; x_wconf 83' lang='lat' dir='ltr'><strong>qucreS</strong></span> <span class='ocrx_word' id='word_1_336' title='bbox 527 4318 561 4371; x_wconf 81' lang='lat'><strong>23</strong></span> <span class='ocrx_word' id='word_1_337' title='bbox 586 4318 718 4387; x_wconf 87' lang='lat' dir='ltr'><strong>scriptura</strong></span> <span class='ocrx_word' id='word_1_338' title='bbox 740 4334 795 4370; x_wconf 92' lang='lat' dir='ltr'><strong>non</strong></span> <span class='ocrx_word' id='word_1_339' title='bbox 815 4316 875 4371; x_wconf 82' lang='lat' dir='ltr'><strong>de</strong></span> <span class='ocrx_word' id='word_1_340' title='bbox 965 4317 1070 4371; x_wconf 87' lang='lat' dir='ltr'><strong>curabit</strong></span> <span class='ocrx_word' id='word_1_341' title='bbox 1088 4317 1116 4371; x_wconf 85' lang='lat' dir='ltr'><em>R</em></span> <span class='ocrx_word' id='word_1_342' title='bbox 1189 4313 1349 4368; x_wconf 83' lang='lat' dir='ltr'><strong>ostenderae</strong></span> <span class='ocrx_word' id='word_1_343' title='bbox 1368 4310 1407 4364; x_wconf 74' lang='grc' dir='ltr'><strong>Ρι</strong></span> 
     </span>
     <span class='ocr_line' id='line_1_37' title="bbox 258 4406 613 4477; baseline -0.006 -16"><span class='ocrx_word' id='word_1_344' title='bbox 258 4407 339 4462; x_wconf 85' lang='lat' dir='ltr'><strong>etiam</strong></span> <span class='ocrx_word' id='word_1_345' title='bbox 359 4422 500 4477; x_wconf 86' lang='lat' dir='ltr'><strong>personam</strong></span> <span class='ocrx_word' id='word_1_346' title='bbox 521 4406 613 4461; x_wconf 84' lang='lat' dir='ltr'><strong>PRbd</strong></span> 
     </span>
    </p>
   </div>
   <div class='ocr_carea' id='block_1_4' title="bbox 0 0 1595 4948">
    <p class='ocr_par' dir='ltr' id='par_1_6' title="bbox 0 0 1595 4948">
     <span class='ocr_line' id='line_1_38' title="bbox 0 0 1595 4948; baseline 0 0"><span class='ocrx_word' id='word_1_347' title='bbox 0 0 1595 4948; x_wconf 95' lang='lat' dir='ltr'><strong> </strong></span> 
     </span>
    </p>
   </div>
  </div>
 </body>
</html>
