3159 4950
239 460 304 525 226
579 456 618 515 ·S.
647 456 784 513 Aureli
812 458 1029 529 Augustini

283 650 385 731 Quam
418 653 447 719 ei
474 672 511 718 eo
538 652 634 719 modo
667 653 808 719 deuitare
840 656 990 733 uoluerit,
1023 660 1061 721 ut
1092 655 1178 721 dieat
1210 659 1298 723 sexto
1331 657 1382 721 die

238 761 334 826 etiam
362 759 401 825 de
427 760 506 825 limo
532 760 653 825 factum
681 779 753 827 ease
781 760 953 838 hominem,
982 762 1038 827 sed
1061 762 1122 829 hoe
1144 764 1382 846 recapitulando

236 870 349 951 postea
376 869 670 944 commemoratum,
697 866 807 933 uideat
834 866 872 931 de
900 868 1031 933 muliere
1060 869 1136 952 quid
1169 870 1264 947 dieat,
1297 871 1381 954 quia,

237 975 447 1040 masculum
479 976 516 1038 et
546 974 733 1052 feminam,
768 974 855 1049 dixit,
888 974 983 1039 fooit
1016 994 1078 1040 eos
1117 978 1153 1040 et
1187 976 1383 1042 benedixit

237 1100 310 1147 eos.
339 1080 454 1163 quodsi
481 1083 514 1145 et
538 1081 643 1163 ipsam
671 1100 708 1145 eo
736 1079 788 1145 die
815 1080 932 1145 saetam
961 1100 1032 1146 esee
1066 1070 1106 1145 de
1139 1082 1199 1147 uiri
1234 1102 1306 1149 osae
1338 1104 1384 1149 re·
1415 1112 1428 1151 a

237 1186 409 1271 sponderit,
433 1186 593 1264 adtendat,
618 1186 776 1269 quomodo
800 1187 926 1253 adserat
948 1192 1036 1254 sexto
1058 1189 1108 1254 die
1127 1190 1212 1255 faeta
1229 1190 1382 1267 uolatilia‚

237 1313 317 1378 quae
340 1293 477 1360 adducta
500 1296 575 1359 sunt
598 1292 638 1357 ad
660 1292 772 1373 Adam,
801 1313 875 1358 oum
903 1295 1061 1378 scriptura
1088 1316 1181 1361 omne
1203 1316 1305 1381 genus
1328 1316 1383 1362 uo-

235 1402 374 1467 latilinm
398 1402 507 1484 quinto
532 1400 583 1465 die
607 1403 748 1465 creatum
772 1420 809 1465 ex
832 1402 922 1483 aquis
945 1402 1095 1479 insinuet,
1119 1402 1197 1477 item
1221 1406 1308 1469 sexto
1332 1404 1383 1470 dio

236 1510 326 1593 ligna
366 1508 461 1573 etiam
495 1527 575 1590 quae
607 1507 640 1572 in
671 1507 818 1591 paradiso
859 1510 1003 1591 plantata
1034 1512 1123 1587 sunt,
1162 1529 1235 1575 aum
1273 1510 1382 1575 eadem

127 1618 130 1625 '
236 1615 392 1699 scriptura
415 1616 475 1680 hoe
499 1616 661 1679 creaturae
684 1634 786 1699 genus
808 1616 903 1682 tertio
927 1615 990 1680 diei
1013 1616 1168 1681 tribuerit.
1192 1616 1263 1699 ipsa
1286 1616 1381 1681 etiam
1402 1638 1427 1677 10

236 1723 334 1787 uerba
366 1722 555 1800 consideret,
589 1721 667 1804 quid
695 1722 757 1786 nit:
790 1721 907 1788 eieoit
938 1722 1059 1787 adhue
1082 1722 1125 1787 de
1148 1724 1250 1787 terra
1277 1742 1382 1787 omne

236 1829 381 1914 lignum
404 1828 605 1911 pulchrum
629 1828 673 1893 ad
701 1830 896 1911 aspectum
930 1831 967 1893 et
998 1829 1134 1894 bouum
1171 1828 1215 1893 ad
1248 1847 1380 1908 escam,

235 1942 398 2020 tamquam
416 1937 482 2014 illa,
502 1954 583 2018 quae
605 1936 701 2001 tertio
725 1935 776 2000 die
799 1938 883 2000 terra
901 1936 1045 2015 eieoerat,
1064 1954 1126 2001 non
1146 1940 1234 2001 erant
1251 1936 1383 2019 pulchra

237 2045 275 2109 ad
304 2045 469 2127 aspectum
497 2046 530 2107 et
555 2043 638 2108 bona
661 2042 700 2107 ad
723 2061 840 2121 eneam,
865 2061 938 2108 eum
961 2043 993 2109 in
1017 2044 1067 2108 his
1092 2048 1200 2109 essent
1222 2044 1381 2126 operibus,

237 2170 318 2234 quae
349 2150 426 2214 feeit
457 2149 536 2214 deus
569 2150 675 2214 omnia
705 2150 789 2215 bona
820 2150 928 2225 ualde;
957 2149 1035 2233 quid
1062 2150 1106 2215 sit
1133 2150 1244 2215 etiam:
1268 2148 1382 2213 finxit
1401 2172 1426 2211 m

238 2259 328 2323 deus
367 2256 487 2321 adhue
519 2256 562 2321 de
594 2260 696 2320 terra
727 2275 853 2322 omnes
890 2257 1036 2323 bestiae
1074 2258 1155 2342 agri
1189 2260 1226 2323 et
1258 2257 1380 2322 omnia

236 2366 417 2431 uolatilia
439 2364 550 2440 oaeli3
569 2368 735 2445 tamquam
752 2364 810 2427 illa
827 2382 890 2429 non
908 2364 1027 2429 fuerint
1045 2364 1159 2441 omnia,
1180 2383 1260 2447 quae
1278 2365 1380 2447 primo

236 2471 392 2556 producta
419 2472 517 2548 erant,
542 2470 595 2535 uel
622 2470 729 2553 potius
758 2469 847 2535 nulla
870 2472 942 2534 ante
965 2469 1120 2554 producta
1143 2471 1240 2538 erant.
1278 2489 1380 2553 neque

238 2579 324 2644 enim
347 2577 469 2644 dietum
492 2580 555 2642 eet:
590 2580 628 2640 et
657 2577 772 2642 finxit
801 2577 896 2642 deus
924 2577 1045 2642 adhue
1070 2578 1113 2642 de
1135 2581 1237 2642 terra
1259 2579 1379 2642 ceteras

235 2685 355 2750 bestias
383 2684 451 2768 agri
483 2685 516 2748 et
544 2688 648 2748 cetera
679 2683 826 2749 uolatilia
858 2683 947 2762 caeli,
971 2685 1063 2766 quasi
1097 2703 1176 2766 quae
1198 2685 1304 2750 minue
1327 2685 1381 2748 uel
1399 2707 1426 2747 no

234 2795 318 2856 terra
349 2795 438 2856 sexto
473 2790 523 2854 die
554 2791 608 2854 uel
640 2808 722 2874 aqua
745 2789 855 2873 quinto
879 2789 929 2854 die
952 2787 1143 2873 produxerit,
1168 2790 1224 2855 sed
1254 2803 1379 2856 omnes

236 2897 393 2974 bestiae,
412 2896 527 2980 inquit,
547 2899 585 2960 et
607 2897 730 2962 omnia
747 2896 939 2961 dolatilia.
958 2915 1077 2962 necnon
1098 2901 1131 2961 et
1147 2897 1230 2961 illud
1248 2897 1379 2982 cogitet,

237 3003 503 3088 quemadmodum
527 3003 606 3068 deus
626 3005 658 3067 et
676 3021 731 3068 aex
749 3003 862 3068 diebus
880 3002 992 3068 feeerit
1010 3003 1129 3069 omnia:
1153 3003 1254 3087 primo
1274 3004 1380 3086 ipsum

237 3111 332 3186 diem,
356 3109 495 3175 seeundo
525 3109 771 3187 firmamentum,
795 3109 889 3174 tertio
922 3109 1062 3193 speeiem
1094 3110 1190 3174 maris
1224 3112 1256 3174 et
1278 3113 1380 3175 terrae

238 3219 332 3299 atquo
365 3233 401 3281 ex
433 3220 517 3281 terra
549 3217 678 3281 herbam
707 3219 741 3281 et
760 3216 859 3300 ligna,
884 3219 994 3299 quarto
1018 3217 1188 3281 luminaria
1210 3219 1242 3281 et
1265 3217 1378 3294 sidera,
1398 3244 1425 3283 na

238 3323 348 3406 quinto
391 3339 543 3406 aquarum
576 3322 734 3399 animalia,
768 3325 856 3387 sexto
889 3325 1001 3400 terrae,
1031 3325 1064 3388 et
1094 3326 1206 3405 postea
1238 3323 1378 3388 dicatur:

325 3532 343 3584 4
361 3530 429 3586 Gen.
450 3533 473 3593 1,
492 3531 537 3586 27.
557 3531 592 3586 28
647 3530 680 3584 11
700 3528 767 3585 Gen.
786 3531 812 3594 2,
832 3531 849 3584 9
905 3530 938 3583 15
959 3529 1024 3587 Gen.
1044 3529 1069 3594 2,
1091 3530 1124 3584 19

274 3654 429 3710 ldebitare
446 3654 487 3710 Ει
559 3653 620 3709 diae
637 3654 668 3710 R
686 3654 748 3718 diae
766 3659 794 3723 (a
813 3669 872 3723 ann.
891 3671 925 3708 m.
945 3655 970 3724 1)
984 3655 1012 3708 P
1065 3655 1379 3710 daummemoratamR

238 3746 301 3815 quia
321 3744 342 3809 (i
359 3761 380 3802 a.
400 3744 418 3798 1.
436 3761 472 3799 m.
492 3745 519 3810 1)
538 3744 566 3799 R
633 3743 771 3798 tinctum
790 3743 830 3798 12¹
896 3743 1091 3798 ineribturam
1109 3743 1137 3798 P
1202 3743 1380 3812 9etiam1et

236 3833 339 3887 iactat
412 3831 505 3888 nintS
557 3832 771 3888 meorumnam
784 3832 813 3886 P
882 3832 969 3902 ipsam
982 3833 1013 3888 Ε
1066 3834 1096 3887 ll
1118 3831 1271 3887 consideret
1291 3835 1316 3900 (e
1330 3833 1379 3900 fin.

235 3923 268 3977 ia
284 3924 353 3989 raa.)
371 3923 400 3978 R
473 3939 579 3976 omnem
597 3921 638 3976 Ει
693 3922 726 3976 12
746 3923 858 3992 aspectu
876 3919 915 3976 E*
972 3921 1195 3976 maeniana
1252 3921 1285 3976 18
1303 3921 1380 3976 nulla

230 4017 298 4080 poet
324 4013 402 4065 erant
422 4027 485 4080 poa.
514 4011 530 4064 b
638 4011 673 4064 20
700 4014 791 4065 cetera
816 4011 849 4064 ia
879 4025 937 4066 raa.
961 4027 996 4065 m.
1025 4011 1041 4065 2
1064 4012 1093 4068 R
1226 4010 1281 4080 uel]
1311 4009 1382 4065 ets

236 4099 267 4152 21
288 4103 363 4156 sexto
383 4099 437 4171 die]
461 4103 536 4154 sexto
558 4099 675 4156 PRde
762 4099 936 4170 produxitS
1027 4100 1063 4154 22
1086 4099 1189 4154 nentina
1206 4097 1246 4154 ΕΙ
1336 4099 1378 4154 iu·

238 4187 304 4257 quid
334 4189 404 4242 E¹P
507 4189 572 4243 illut
598 4191 627 4244 P
697 4189 731 4243 23
764 4189 998 4258 quemammodum
1025 4188 1079 4244 PR
1157 4189 1191 4242 25
1223 4187 1325 4258 dignam
1353 4189 1381 4242 P

235 4273 315 4346 ligna
334 4277 350 4331 b
422 4279 530 4348 quarto]
552 4281 648 4348 quarto
668 4277 733 4332 etS
803 4279 837 4330 26
855 4293 943 4346 supra
961 4279 1048 4332 temne
1067 4276 1164 4333 addid.
1184 4293 1218 4332 m.
1237 4279 1258 4330 2
1276 4275 1381 4331 sedicet

234 4365 364 4420 animalia
380 4367 411 4420 E
