3159 4950
441 483 483 537 de
511 483 656 540 Genesi
683 483 727 538 ad
755 484 940 539 litteram
968 484 1033 538 lib.
1063 483 1096 538 X.

187 679 242 761 qui
266 698 335 743 eam
359 697 474 763 corpus
499 677 688 756 existimant,
714 697 849 762 quornm
864 679 896 743 in
910 681 999 764 parte
1022 682 1099 744 sunt
1121 679 1260 745 maxime
1283 681 1338 764 qui

187 804 255 852 eam
276 804 311 850 or
329 785 513 868 parentibus
537 785 636 851 creari
655 785 833 869 opinantur.
856 785 986 868 proinde
1004 785 1037 852 in
1057 787 1198 870 corporis
1217 787 1337 853 semine

185 895 293 975 potest
320 909 390 958 esse
418 891 469 957 uis
497 891 680 968 inuisibilis,
705 909 785 974 quae
812 891 1052 974 incorporaliter
1078 911 1231 959 numeros
1260 894 1337 978 agit,

186 1018 247 1064 non
273 997 386 1076 oculis,
411 997 467 1062 sed
490 997 657 1064 intellectu
681 995 888 1062 discernenda
906 999 946 1063 ab
965 1016 1003 1063 ea
1021 999 1230 1083 corpulentia,
1256 1019 1336 1083 quae

155 1107 261 1171 urrisu
293 1107 446 1188 tactuque
479 1104 615 1168 sentitur
636 1152 644 1169 .
665 1106 698 1168 et
728 1103 801 1186 ipsa
832 1104 992 1187 quantitas
1024 1106 1164 1189 corporis
1196 1105 1336 1187 hnmani,

187 1232 266 1297 quae
294 1213 405 1296 utique
433 1209 600 1277 modulum
629 1210 759 1278 seminis
787 1209 1064 1295 inconparabiliter
1095 1210 1229 1290 excedit,
1257 1213 1336 1280 sabis

187 1319 327 1388 ostendit
348 1337 443 1404 possa
465 1317 538 1385 inde
563 1317 682 1400 aliquid
705 1317 801 1397 sumi,
825 1319 909 1401 qnod
932 1337 995 1384 nou
1017 1319 1135 1385 babeat
1155 1320 1245 1385 illam
1267 1320 1335 1386 uim

186 1427 381 1505 seminalem,
401 1424 457 1491 sed
475 1427 600 1490 tanturn
624 1425 820 1510 corporalem
839 1426 1061 1504 substantiam,
1080 1444 1162 1511 qnae
1180 1426 1335 1494 diuinitus

186 1551 248 1599 rrou
272 1531 310 1600 de
335 1532 507 1617 propagine
536 1531 815 1598 concumbentium
837 1531 869 1596 in
894 1550 1020 1598 carnem
1044 1532 1164 1599 Christi
1187 1533 1337 1600 adsumta

143 1661 168 1702 ro
186 1641 281 1722 atque
304 1637 440 1704 formata
463 1639 523 1702 est.
546 1635 608 1702 boe
631 1639 738 1701 autem
758 1635 797 1700 de
815 1636 920 1701 enimn
938 1636 1010 1720 quis
1028 1639 1137 1704 ualeat
1159 1637 1334 1719 adfirmare,

186 1745 270 1830 quod
297 1749 470 1828 utmmque
498 1743 624 1820 babeat,
652 1746 686 1808 et
713 1743 879 1808 materiem
912 1744 1044 1810 seminis
1072 1744 1274 1811 manifestam
1304 1750 1336 1812 et

185 1851 351 1920 rationem⁴
372 1851 503 1916 seminis
536 1850 717 1917 occultam?
750 1849 807 1915 sed
839 1849 916 1932 qnid
946 1851 1088 1917 laborem
1116 1852 1149 1917 in
1176 1872 1220 1929 re,
1253 1871 1334 1935 qnae

185 1958 368 2042 persuaderi
394 1957 501 2024 uerbis
528 1955 648 2022 nemini
673 1955 807 2021 forsitan
834 1959 953 2040 potest,
975 1957 1038 2023 nisi
1060 1960 1186 2024 tantum
1209 1977 1246 2023 ac
1269 1959 1333 2024 tale

186 2065 349 2150 ingenium
369 2064 421 2142 eit,
442 2063 528 2147 quod
546 2061 650 2148 possit
667 2062 831 2145 loquentis
844 2063 1029 2146 praerrolare
1048 2068 1196 2131 conatum
1215 2084 1273 2132 nec
1286 2069 1333 2132 to-

143 2193 168 2235 rs
185 2180 254 2236 tum
274 2175 437 2256 expectare
452 2187 471 2234 a
485 2172 651 2236 sermone?
667 2168 808 2234 breuiter
819 2169 926 2252 itaque
942 2169 1116 2256 conligam:
1132 2171 1161 2237 si
1178 2172 1285 2255 potuit
1301 2176 1334 2239 et

187 2277 225 2343 de
258 2278 363 2342 anima
392 2277 531 2342 116τί-
560 2275 645 2359 quod
678 2293 750 2340 cum
783 2274 822 2341 de
855 2294 949 2340 carne
980 2276 1168 2357 diceremus,
1200 2277 1331 2344 forsitan

185 2384 385 2450 intellectum
407 2383 451 2450 sit
474 2419 518 2430 —-
539 2383 586 2447 ita
614 2385 663 2448 est
690 2382 730 2448 de
757 2381 889 2448 madoco
916 2383 1021 2448 anima
1049 2383 1179 2461 Christi,
1205 2387 1330 2450 utnon

185 2509 295 2559 secum
321 2491 425 2556 labem
452 2489 731 2577 praeuaricationis
759 2490 942 2565 adtraxerim
970 2490 999 2555 si
1026 2493 1133 2557 autem
1166 2491 1235 2557 sine
1266 2492 1330 2557 isto

184 2602 274 2663 reatu
302 2616 364 2663 non
390 2598 502 2682 posset
527 2596 600 2661 inde
624 2615 706 2675 esse,
730 2614 793 2661 non
817 2598 868 2662 est
888 2596 971 2663 inde.
991 2596 1069 2662 iam
1092 2597 1132 2663 de
1154 2600 1330 2663 ceteramm

139 2704 360 2771 reanimarem
393 2703 541 2782 aduentu,
574 2708 682 2768 utrum
715 2722 751 2768 er
787 2704 973 2787 parentibus
1008 2723 1047 2769 arr
1084 2705 1220 2791 desuper
1256 2708 1329 2786 sint,

183 2811 314 2877 uincent
345 2811 401 2894 qui
430 2811 602 2894 potuerint.
634 2830 693 2895 ego
722 2810 827 2877 adhuc
853 2810 936 2875 inter
962 2814 1115 2895 utrosque
1142 2811 1270 2899 ambigo
1297 2820 1331 2881 et

183 2936 314 2985 moneor
331 2918 501 3002 aliquando
520 2918 577 2995 sic,
596 2917 765 3000 aliquando
785 2920 892 2983 autem
912 2918 968 2996 sie,
989 2920 1079 2983 saluo
1099 2938 1136 2985 eo
1156 2919 1329 3001 dumtaxat,

183 3028 221 3091 ut
243 3026 296 3093 nel
319 3044 433 3111 corpus
457 3044 528 3091 esse
551 3024 688 3091 animam
707 3025 761 3089 uel
779 3025 920 3107 aliquam
937 3043 1120 3109 corpoream
1143 3028 1329 3109 qualitatem

184 3132 253 3198 siue
281 3132 526 3217 coaptationem,
555 3132 583 3197 si
610 3131 657 3195 ita
683 3132 819 3197 dicenda
844 3134 905 3211 est,
929 3152 1025 3215 quarn
1049 3132 1163 3198 Graeci
1185 3129 1329 3219 ἁρμονία-ι

138 3258 166 3299 re
183 3242 309 3316 uocant,
325 3258 387 3306 non
404 3239 528 3304 credam
550 3256 609 3304 uec
633 3238 777 3322 quolibet
799 3238 863 3304 ista
884 3239 1041 3324 garriente
1063 3259 1115 3304 me
1134 3238 1328 3305 creditnmm

183 3363 253 3410 esse
276 3346 430 3412 confidam
454 3346 623 3411 adiuuante
648 3344 705 3410 deo
729 3348 868 3411 mentem
890 3364 1006 3411 meam.

228 3453 281 3518 22.
304 3452 364 3519 llst
386 3452 473 3517 alind
495 3452 715 3517 testimonium
738 3470 801 3517 uon
823 3451 1066 3537 neglegendum,
1097 3451 1181 3535 quod
1207 3470 1264 3534 pro
1293 3471 1327 3517 se

182 3562 317 3641 possunt
338 3559 487 3643 prolerre,
517 3558 571 3642 qui
599 3556 708 3623 uenire
732 3556 868 3642 desuper
891 3558 1012 3624 animas
1036 3558 1179 3636 credunt,
1203 3556 1327 3623 dicente

219 3776 384 3831 lmaxiroae
404 3774 431 3828 P
499 3773 744 3845 deorpclentiaS
811 3775 957 3844 (intiquse
976 3775 1004 3828 P
1073 3772 1325 3845 inconparabiliter]

181 3862 428 3935 incorporalitate
497 3864 514 3918 9
534 3862 678 3934 adsumpta
696 3862 774 3918 Pas
845 3865 876 3918 ll
897 3864 1036 3933 materiem
1055 3864 1084 3919 R
1106 3864 1248 3917 materiam
1267 3862 1328 3918 de

183 3954 215 4008 13
234 3952 390 4024 persuaderi
410 3954 430 4024 (i
447 3966 508 4021 arcp.
527 3968 542 4006 e
561 3968 595 4005 m.
615 3956 630 4006 1
647 3952 791 4021 superarer.)
810 3951 839 4006 P
872 3987 875 3993 -
925 3952 990 4021 nisi]
1011 3952 1066 4005 nisi
1084 3952 1108 4005 si
1126 3950 1172 4007 Bb
1232 3951 1325 4005 1410-

182 4046 296 4112 quantes
315 4040 342 4095 P
448 4039 605 4111 praeualere
624 4039 667 4093 Pb
720 4041 794 4098 ,15
816 4043 971 4112 exspectare
992 4040 1021 4095 R
1128 4040 1328 4109 colligamusS

183 4130 215 4186 18
234 4146 325 4189 secum
343 4130 374 4184 ira
392 4146 442 4200 mg.
462 4129 528 4186 cdd.
547 4146 581 4183 m.
600 4134 616 4183 1
633 4130 661 4185 P
730 4128 831 4200 labem]
853 4130 957 4199 etipse
976 4127 1066 4183 labem
1084 4130 1113 4184 P
1168 4129 1210 4185 20>
1223 4128 1325 4183 aduen-

180 4223 239 4274 tum
253 4218 317 4275 ΡΒ1
390 4220 445 4274 sint
463 4220 550 4291 Eup:
567 4218 734 4275 sitPRde
786 4218 821 4273 21
836 4217 961 4288 ambiger
976 4221 1001 4286 (r
1012 4234 1047 4272 m.
1062 4221 1149 4286 lap.
1163 4217 1285 4282 uidetur)
1300 4217 1328 4272 P

181 4306 304 4379 ambigo·
319 4308 343 4377 (r
356 4308 438 4377 eras.)
451 4309 480 4364 R
534 4309 568 4362 22
587 4307 663 4363 salbo
678 4307 706 4362 P
758 4308 796 4362 24
806 4306 925 4377 greeeP
941 4305 1050 4377 greciS
1118 4307 1259 4361 armonian
1271 4307 1326 4363 PR

180 4396 328 4451 armoniam
346 4395 369 4451 S
386 4396 589 4451 harmoniamb
661 4397 695 4451 25
714 4413 768 4451 non
788 4394 894 4450 credam
913 4412 965 4450 om.
984 4394 1098 4466 8qu
1168 4394 1230 4465 nec]
1247 4394 1325 4450 neS
