3159 4950
236 440 302 503 472
404 437 430 491 S.
455 437 570 491 Aureli
593 435 778 507 Augustini
801 434 839 491 de
864 432 989 491 Genesi
1011 435 1051 489 ad
1071 435 1225 490 litterum

239 634 272 696 et
304 631 472 716 adpetendi
505 631 641 697 refertur
673 649 802 695 examen
825 648 844 693 a
867 630 1016 696 sensibus
1049 632 1199 715 corporis,
1231 651 1294 715 que
1316 622 1385 698 ¹nou

238 741 346 807 carent
360 738 456 804 etiam
473 738 595 803 animae
610 738 796 815 bestiarum,
812 756 850 801 an
866 756 903 801 ea
918 737 1060 821 superior
1074 756 1153 820 quse
1172 738 1386 805 ratiocinando

237 846 376 927 adparet,
410 864 447 910 ex
479 864 541 927 qun
571 844 685 928 incipit
717 862 810 908 omne
834 842 919 927 quod
942 845 1084 908 creatum
1108 844 1179 911 est?
1212 845 1388 927 quamlibet

238 944 329 1017 euim'
353 952 461 1017 lu'cem
492 950 662 1036 significet,
700 949 819 1015 factam
855 952 962 1015 tamen
995 954 1027 1015 et
1059 954 1197 1015 creatam
1234 951 1386 1017 debemus

238 1060 391 1143 accipere,
419 1063 481 1124 uon
508 1059 608 1135 illam,
638 1076 701 1141 qua
727 1057 832 1141 fulget
859 1057 930 1140 ipsa
957 1056 1008 1121 dei
1032 1057 1197 1140 sapientia,
1221 1077 1301 1140 quae
1324 1078 1386 1123 uon
1413 1082 1428 1121 s

240 1170 344 1230 creata
371 1164 428 1229 sed
455 1167 530 1228 nata
558 1166 617 1240 est,
641 1182 679 1228 ne
709 1162 776 1228 sine
798 1163 871 1228 luce
895 1161 974 1227 deus
996 1162 1097 1227 fuisse
1121 1166 1259 1246 putetur,
1283 1164 1384 1248 prius·

240 1290 333 1354 quam
361 1272 467 1349 istam,
492 1271 530 1336 de
560 1289 622 1353 qua
649 1288 733 1335 nunc
759 1269 876 1354 agitur,
905 1268 1111 1334 condidisset.
1145 1269 1266 1335 dehac
1290 1271 1384 1347 enim,

240 1377 421 1462 sicutipse
447 1378 546 1443 uerba
573 1376 652 1441 satis
681 1375 807 1453 docent,
831 1377 892 1441 hoc
920 1376 1170 1453 commendatur,
1194 1376 1281 1460 quod
1302 1378 1387 1442 lacta

241 1486 294 1550 sit.
328 1487 365 1549 et
393 1482 503 1562 dixit,
531 1483 646 1567 iuquit,
675 1481 747 1546 fiat
768 1483 908 1549 lux.et
930 1483 1032 1548 facta
1054 1485 1114 1548 est
1135 1484 1209 1550 lux.
1242 1482 1306 1549 alia
1337 1486 1387 1549 est

240 1594 294 1656 lux
321 1591 359 1656 de
388 1590 446 1656 deo
475 1593 549 1655 nata
576 1593 608 1655 et
636 1589 697 1653 alia
723 1590 787 1667 lux,
817 1608 912 1673 quam
940 1589 1018 1655 fecit
1044 1590 1237 1656 deus.uata
1264 1590 1303 1656 de
1327 1591 1385 1656 deo
1408 1613 1436 1653 ro

240 1699 294 1761 lux
318 1700 368 1763 est
389 1698 460 1781 ipsa
483 1696 534 1762 dei
557 1696 721 1779 sapientie,
745 1695 830 1762 sacta
852 1716 928 1762 uero
951 1698 1007 1763 lux
1029 1701 1080 1763 est
1103 1698 1265 1780 quaelibet
1286 1700 1387 1763 muta·

242 1805 316 1870 bilis
340 1804 409 1869 siue
431 1804 617 1887 incorporea
640 1803 710 1869 siue
734 1820 893 1886 corpmea.

287 1911 418 1976 Mouere
440 1913 553 1975 'autem
581 1910 674 1989 solet,
702 1909 861 1993 quomodo
888 1912 942 1975 lux
971 1928 1122 1993 corporea
1144 1928 1214 1976 esse
1237 1911 1389 1993 potuerit,

244 2020 414 2101 autequam
442 2016 565 2083 caelum
593 2018 679 2082 esset
707 2019 739 2082 et
766 2017 845 2081 caeli
872 2017 1050 2094 luminaria,
1080 2037 1160 2101 quae
1191 2020 1267 2100 post
1292 2018 1388 2083 istam

244 2127 466 2208 exponuntur:
482 2123 573 2206 quasi
599 2142 675 2188 uero
703 2121 797 2187 facile
825 2123 863 2187 ab
891 2123 1020 2189 homine
1047 2124 1167 2208 percipi
1200 2127 1308 2208 potest
1335 2126 1391 2188 aut
1409 2146 1436 2186 ω

245 2230 372 2297 omnino
392 2231 457 2295 ullo
477 2229 571 2295 modo
590 2230 708 2311 potest,
728 2231 836 2293 utrum
856 2228 899 2294 sit
917 2230 1024 2314 aliqua
1041 2232 1095 2295 lux
1113 2233 1237 2313 praeter
1255 2232 1390 2307 caelum,

245 2356 325 2420 quae
357 2340 464 2401 tamen
497 2334 610 2418 spatiis
632 2335 778 2400 locorum
802 2335 953 2402 distincta
976 2340 1071 2421 atqua
1095 2338 1211 2403 diffusa
1233 2338 1276 2403 sit
1297 2357 1391 2402 mun·

245 2443 383 2528 dumque
407 2443 625 2526 amplectatur.
649 2440 706 2506 sed
725 2460 798 2507 cum
820 2440 918 2508 liceat
931 2442 983 2508 hic
1002 2446 1034 2508 et
1051 2442 1267 2528 incorpoream
1285 2444 1392 2510 lucem

243 2551 439 2636 intellegere,
468 2549 496 2614 si
522 2567 584 2614 non
612 2548 776 2613 uisibilem
804 2550 930 2614 tantum
958 2553 1134 2616 creaturam
1162 2551 1195 2616 iu
1222 2552 1283 2617 hoc
1309 2552 1391 2617 libro

245 2657 302 2722 sed
334 2675 460 2722 omnem
491 2659 667 2721 creaturam
700 2655 875 2739 expositam
909 2655 1056 2735 dicimus,
1082 2658 1158 2741 quid
1181 2677 1261 2742 opus
1285 2661 1336 2723 est
1358 2659 1390 2723 in
1410 2679 1439 2717 ao

245 2765 304 2828 hae
324 2763 540 2828 controuersia
556 2762 727 2826 remorari?
752 2764 784 2826 et
801 2761 937 2827 fortasse
957 2762 1042 2844 quod
1061 2767 1218 2844 quaerunt
1235 2765 1391 2842 homines,

246 2869 370 2953 quaudo
390 2870 496 2955 augeli
514 2869 590 2934 facti
609 2871 694 2948 suut,
713 2868 776 2951 ipsi
796 2867 1017 2953 significantur
1034 2869 1093 2934 hac
1112 2869 1183 2936 luce
1201 2870 1392 2935 breuissime

247 2976 374 3059 quidem
398 2976 455 3041 sed
476 2978 583 3040 tumen
607 2975 908 3040 conuenientissime
931 2994 968 3041 ac
992 2975 1228 3044 decentissime.

291 3084 337 3148 llt
359 3082 459 3149 uidit
483 3082 573 3147 deus
597 3082 719 3146 lucem
744 3081 832 3164 quia
853 3082 950 3146 bona
973 3086 1041 3148 est.
1065 3082 1130 3148 ista
1151 3083 1309 3148 sententia
1330 3101 1392 3148 uon

248 3190 338 3274 quasi
364 3189 486 3255 insoliti
513 3188 589 3254 boni
615 3189 771 3254 laetitiam
800 3188 857 3254 sed
884 3189 1144 3272 adprobationem
1169 3191 1273 3273 operis
1297 3190 1393 3275 sigui-
1411 3211 1441 3252 aa

247 3297 334 3362 ficari
353 3300 478 3381 oportet
494 3296 649 3381 intellegi.
673 3295 749 3379 quid
769 3297 852 3361 enim
872 3297 1112 3363 conuenientius
1131 3297 1169 3364 da
1188 3297 1248 3363 deo
1267 3297 1393 3368 dicitur.

248 3405 402 3487 quantum
434 3403 517 3468 inter
547 3402 692 3468 homines
725 3401 788 3466 dici
820 3405 937 3484 potest,
970 3421 1065 3485 quam
1093 3420 1166 3466 eum
1193 3403 1240 3466 ita
1266 3401 1395 3486 ponitur

251 3510 366 3590 ,ciria
411 3509 550 3587 ,laetum
587 3512 656 3574 est“
695 3507 867 3591 ,placuit“,
900 3509 946 3573 ita
977 3511 1015 3573 ut
1045 3509 1078 3572 iu
1111 3527 1159 3585 eo,
1188 3508 1273 3592 quod
1306 3508 1394 3588 dixit,

339 3701 373 3754 24
393 3699 459 3755 Gen.
480 3701 503 3764 l,
523 3701 541 3754 4

285 3815 390 3886 dquae
410 3814 532 3884 superior
550 3813 614 3868 Lbd
686 3813 861 3883 superiorque
879 3813 917 3866 Μ
984 3813 1204 3869 ratiocinandid
1287 3815 1396 3884 Squed

251 3902 279 3968 (d
291 3919 313 3958 s.
330 3903 359 3972 l.)
373 3902 407 3966 L,
422 3919 473 3956 om.
487 3905 519 3956 ill
556 3902 574 3955 4
587 3900 685 3956 debere
698 3900 759 3955 ML
795 3901 812 3954 6
826 3903 916 3955 ereata
934 3905 976 3955 est
993 3901 1042 3955 sed
1055 3906 1121 3956 nata
1135 3904 1243 3969 (natura
1256 3901 1284 3971 d)
1297 3902 1399 3957 mutu

249 3992 294 4060 ne]
313 4009 367 4046 uon
386 3991 464 4047 Mun
534 3990 568 4045 10
586 3993 684 4044 natura
701 4005 753 4058 pro
771 3993 838 4043 nata
856 3988 931 4044 cao
1004 3989 1037 4042 de
1055 3989 1174 4044 iteratur
1195 3989 1223 4044 V
1285 3992 1318 4046 12
1337 4007 1395 4044 cor·

248 4096 331 4150 porea
349 4078 407 4132 siue
425 4085 583 4148 incorporea
600 4075 637 4130 bd
723 4076 757 4130 14
774 4076 830 4129 iste
848 4075 990 4145 exponitur
1013 4076 1039 4128 V
1121 4077 1154 4130 15
1174 4083 1239 4131 ante
1257 4076 1291 4130 ab
1314 4077 1399 4132 addit

248 4167 339 4222 hocd
376 4167 407 4221 16
427 4167 492 4236 ullo]
512 4164 638 4220 uulloV
671 4165 704 4218 21
726 4164 937 4219 controuersiam
957 4163 1010 4218 Vr
1078 4165 1209 4230 fortasset
1227 4167 1252 4232 (t
1268 4166 1316 4233 fin.
1335 4181 1395 4234 ap.

252 4255 383 4324 m.1)M
421 4255 457 4309 23
476 4256 518 4325 ac]
539 4257 568 4308 et
585 4252 708 4309 TMLbd
751 4253 787 4306 24
806 4253 872 4306 deus
890 4251 1018 4306 onaML
1088 4259 1123 4324 po
1142 4254 1240 4309 uouV
1278 4255 1313 4309 25
1331 4253 1399 4307 boui

250 4345 395 4414 laetitiam]
408 4344 622 4398 beniuolentiam
634 4341 710 4396 MLb
757 4341 909 4412 significare
923 4340 1008 4396 TML
1043 4343 1078 4397 28
1092 4344 1133 4414 ut]
1149 4343 1247 4414 quode
1295 4341 1398 4396 dieitL
