3159 4950
489 435 531 490 de
561 435 703 490 Genesi
731 435 774 490 ad
802 436 986 490 litteram
1014 435 1080 489 lib.
1100 435 1123 488 1.
1364 441 1384 502 5

229 633 426 715 abyssum:
451 633 567 715 quibus
587 633 691 696 uerbis
711 631 840 696 uidetur
866 631 1093 696 informitatem
1114 630 1292 714 siguificare
1313 631 1386 695 sub-

230 740 372 804 stantiae
396 740 576 822 corporalis.
601 759 639 804 an
663 740 831 821 utriusque
845 739 1023 803 informitas
1042 738 1093 802 his
1113 737 1209 801 ctiam
1232 739 1387 820 posterio-

228 846 321 912 ribus
344 847 451 912 uerbis
475 845 693 930 significatur?
726 845 897 927 corporalis
921 844 1049 927 quidem
1073 864 1121 923 eo,
1155 843 1241 927 quod
1264 843 1386 908 dictum

230 956 298 1018 est:
321 956 422 1017 terra
446 955 526 1017 erat
544 951 762 1016 inuisibilis
783 954 819 1016 et
837 951 1090 1034 inconposita,
1111 950 1263 1033 spiritalis
1278 955 1385 1014 autem

193 1082 207 1116 ει
230 1079 282 1138 00,
307 1059 391 1142 quod
415 1059 537 1124 dietum
561 1062 625 1124 est:
659 1063 696 1124 et
718 1060 897 1123 tenebrae
927 1061 1033 1123 erant
1061 1077 1172 1141 super
1195 1059 1385 1142 abyssum,

228 1170 268 1230 ut
291 1167 444 1231 translato
468 1166 566 1230 uerbo
590 1167 790 1231 tenebrosam
810 1166 961 1247 abyssum
990 1164 1214 1248 intellegamus
1238 1168 1384 1229 naturam

228 1274 318 1337 uitae
340 1272 518 1350 informem,
542 1273 603 1337 uisi
628 1275 831 1337 conuertatur
849 1272 888 1335 ad
907 1275 1095 1336 creatorem:
1115 1290 1177 1354 000
1197 1271 1266 1335 0010
1290 1271 1385 1336 modo

227 1379 359 1446 formari
382 1383 498 1461 potest,
523 1381 644 1444 utnon
670 1379 712 1442 sit
737 1379 882 1462 abyssus,
917 1381 950 1443 et
971 1377 1164 1456 inluminari,
1197 1380 1317 1442 utnon
1343 1379 1387 1443 sit

226 1487 408 1551 tenebrosa.
433 1489 466 1550 et
488 1486 646 1568 quomodo
671 1486 791 1551 dictum
826 1489 889 1552 est:
922 1485 1101 1550 tenebrae
1135 1487 1242 1548 eraut
1274 1503 1386 1568 super

173 1617 205 1654 ro
228 1595 429 1677 abyssum?
474 1613 512 1657 an
545 1593 620 1675 quia
651 1611 713 1656 000
746 1595 815 1658 erat
845 1592 921 1656 lux?
960 1610 1040 1674 quae
1073 1592 1102 1655 si
1135 1593 1239 1667 esset,
1272 1577 1385 1674 001000

227 1703 413 1783 0000000000
427 1703 460 1764 00
477 1703 641 1781 tamquam
659 1698 914 1781 superfunderet:
935 1698 1020 1781 quod
1039 1701 1116 1762 0000
1135 1698 1172 1761 fir
1194 1698 1226 1763 in
1242 1703 1386 1763 ereatura

226 1807 376 1889 spiritali,
400 1825 471 1871 oum
496 1805 694 1870 conuertitur
717 1805 756 1868 ad
780 1805 1040 1871 incommutabile
1072 1808 1166 1887 00000
1189 1805 1385 1887 incorporale

224 1912 348 1989 100000,
374 1910 459 1993 quod
483 1911 562 1975 deus
587 1914 645 1976 est.

275 2021 304 2084 2.
329 2019 371 2082 Et
393 2017 553 2100 quomodo
577 2017 656 2082 dixit
680 2017 772 2082 deus:
806 2018 879 2082 fiat
910 2019 994 2082 lux?
1023 2021 1132 2082 utrum
1155 2017 1383 2100 temporaliter,

172 2147 202 2186 15
224 2143 266 2190 an
290 2125 323 2188 10
348 2125 438 2188 uerbi
462 2124 670 2188 aeternitate?
695 2127 727 2189 et
751 2124 778 2189 si
797 2125 1026 2208 temporaliter,
1046 2125 1157 2207 utique
1176 2124 1382 2188 mutabiliter.

223 2231 385 2314 quomodo
411 2249 484 2314 ergo
508 2231 613 2314 possit
634 2230 779 2315 intellegi
809 2231 869 2296 hoc
893 2231 997 2296 dicere
1031 2231 1109 2296 deus
1133 2230 1195 2295 nisi
1217 2249 1274 2314 per
1298 2249 1383 2296 crea-

223 2341 353 2402 turam?
377 2338 445 2420 ipse
469 2337 586 2421 quippe
611 2341 660 2402 000
683 2337 965 2402 incommutabilis.
1013 2338 1097 2403 0001
1125 2358 1181 2421 per
1204 2341 1381 2403 ereaturam

224 2445 307 2509 dixit
331 2443 424 2509 deus:
448 2443 521 2508 fiat
543 2444 614 2521 100,
640 2443 799 2527 quomodo
824 2447 874 2509 000
896 2445 999 2528 prima
1017 2449 1162 2509 creatura
1182 2446 1247 2524 100,
1269 2445 1297 2511 01
1316 2448 1385 2510 0000

223 2552 290 2616 iam
315 2555 468 2628 creatura,
493 2570 550 2635 per
572 2571 666 2633 quam
691 2551 769 2615 deus
794 2552 924 2616 diceret:
954 2552 1027 2616 fiat
1054 2553 1138 2616 lux?
1171 2573 1210 2617 an
1242 2573 1303 2618 000
1333 2556 1384 2617 000

167 2660 280 2723 00100
312 2659 414 2739 prima
447 2660 598 2737 creatura,
633 2659 709 2741 quia
740 2658 805 2721 iam
838 2657 959 2723 dictum
997 2662 1078 2723 erat:
1117 2660 1152 2723 iu
1191 2659 1380 2743 principio

223 2766 323 2830 10010
355 2765 446 2830 deus
481 2765 625 2830 caelum
660 2769 695 2829 et
727 2768 887 2829 terram?
921 2769 953 2829 et
984 2769 1109 2847 poterat
1131 2785 1187 2849 per
1210 2766 1380 2831 caelestem

223 2873 403 2935 creaturam
427 2890 488 2935 000
511 2870 579 2935 fieri
602 2870 820 2953 temporaliter
847 2873 942 2953 00000
970 2872 1176 2950 mutabiliter,
1206 2890 1269 2954 000
1299 2873 1380 2937 (1100-

222 2980 328 3041 retur:
352 2977 423 3041 fiat
445 2977 529 3041 lux?
554 2976 638 3060 quod
662 2977 690 3040 si
713 2977 759 3041 ita
782 2980 841 3053 est,
867 2977 1038 3058 corporalis
1061 2978 1379 3059 100100000001000,

222 3102 321 3166 quam
345 3083 503 3165 corporeis
528 3083 629 3149 oculis
663 3082 832 3161 cernimus,
867 3083 992 3148 dicente
1025 3084 1082 3149 deo
1115 3105 1172 3169 per
1204 3089 1380 3151 creaturam

165 3216 200 3257 aa
222 3190 412 3272 spiritalem,
451 3208 547 3271 quam
585 3189 662 3255 deus
700 3191 764 3253 iam
800 3190 928 3268 fecerat,
952 3209 1025 3254 cum
1056 3191 1089 3255 in
1121 3192 1275 3276 principio
1303 3191 1380 3257 fecit

221 3298 351 3362 caelum
375 3300 407 3361 et
429 3299 556 3373 terram,
580 3296 654 3359 fiat
675 3297 739 3361 lux
772 3314 809 3360 eo
832 3295 937 3371 modo,
962 3316 1024 3379 quo
1040 3317 1097 3379 per
1118 3298 1193 3363 talis
1219 3302 1379 3365 creaturae

220 3404 407 3469 interiorem
431 3407 463 3468 et
487 3402 648 3467 occultum
672 3406 796 3467 motum
820 3402 973 3467 diuinitus
994 3402 1056 3468 dici
1071 3405 1192 3486 potuit:
1209 3405 1283 3470 fiat
1304 3407 1377 3471 100.

268 3510 438 3574 110001οι0
472 3509 676 3593 corporaliter
706 3508 814 3574 sonuit
845 3528 907 3574 000
935 3509 1070 3575 dicentis
1104 3510 1168 3575 dei:
1202 3512 1274 3576 fiat
1305 3513 1378 3592 100,

317 3704 349 3755 14
369 3700 437 3757 Gen.
459 3703 483 3769 1,
502 3702 518 3755 3

261 3824 501 3895 lsignifacareE
548 3827 608 3879 500
622 3842 672 3879 om.
689 3823 912 3896 PR¹SdeEuy
963 3827 1050 3880 70010
1062 3826 1143 3880 E¹R¹
1194 3825 1377 3895 8nbyssosR

219 3917 255 3968 11
277 3914 516 3984 superfunderetur
533 3913 681 3983 E²odEu9
736 3916 770 3967 12
789 3914 1001 3968 inconmutabile
1020 3915 1048 3971 R
1119 3915 1318 3984 incorporabile
1338 3916 1378 3982 (bi

217 4021 281 4073 oxya
296 4020 330 4057 ru.
345 4005 372 4071 a)
388 4004 418 4057 E
435 4002 645 4074 incomparabile
659 4002 763 4057 R¹SOb
803 4003 836 4055 14
855 4001 934 4071 dixit]
953 4007 982 4057 00
1001 4003 1069 4058 dixit
1080 4004 1151 4074 Eup.
1190 4005 1223 4057 16
1237 4005 1325 4074 possit
1337 4004 1377 4058 R¹

217 4092 385 4163 intelligiS
458 4094 490 4147 le
514 4092 616 4146 diceret
639 4091 677 4162 (di
700 4108 735 4147 m.
761 4093 772 4145 l
800 4108 822 4145 0.
846 4092 877 4154 l.)
894 4092 925 4145 E
996 4092 1031 4147 20
1049 4094 1137 4163 prima
1155 4098 1278 4147 ereatura
1296 4094 1376 4147 lurb

216 4184 256 4236 22
276 4181 366 4251 adque
385 4180 437 4245 E¹;
457 4198 491 4235 m.
511 4187 526 4233 1
543 4183 586 4235 ito
604 4196 720 4249 scopam
738 4198 772 4236 m.
793 4182 956 4235 2000001000
972 4182 1035 4248 sere
1053 4183 1120 4237 locis
1139 4182 1155 4235 d
1174 4182 1206 4236 in
1223 4192 1236 4235 t
1256 4182 1375 4250 corripit,

216 4271 298 4341 quod
319 4270 401 4325 semet
422 4274 549 4323 actatum
571 4270 608 4324 sit
680 4270 849 4323 mutabiliter
871 4270 909 4325 R¹
975 4271 1009 4323 20
1028 4270 1106 4340 fecit]
1125 4271 1192 4325 10010
1215 4271 1282 4325 deus
1305 4270 1376 4325 RSd

219 4360 258 4414 26
278 4367 311 4413 eo
330 4358 369 4413 R¹
