3159 4950
289 477 331 541 76
642 473 668 529 S.
697 471 835 526 Aureli
863 470 1081 542 Augustini

240 728 243 732 .
283 670 368 734 enim
401 673 477 734 suut
508 667 574 734 illis
607 666 776 751 pecoribus
816 686 917 750 neque
954 669 1060 732 tamen
1093 667 1152 734 sub
1185 685 1260 732 eura
1292 668 1429 733 humana

284 779 360 842 sunt
386 811 429 826 -
455 775 581 859 proprie
615 774 831 859 quadrupedia
864 779 1047 858 nuncupata
1077 777 1163 852 suut,
1191 775 1283 858 quasi
1309 775 1429 858 reliqua

284 887 392 950 esseut
414 883 493 948 haec
515 883 676 960 animalia,
700 882 817 963 quibus
840 881 904 945 ista
927 879 1098 963 appellatio
1121 881 1278 964 generalis
1301 879 1428 964 quidem

283 1009 355 1055 cum
388 989 500 1055 multis
527 992 657 1074 propter
688 1007 856 1054 numerum
891 987 1024 1070 pedum,
1062 986 1119 1052 sed
1154 990 1261 1053 tumen
1298 987 1428 1072 speciali

282 1095 515 1181 significatione
551 1094 770 1160 tribueretur?
809 1113 862 1172 an,
902 1093 1057 1176 quieter
1090 1093 1186 1159 dixit:
1224 1094 1427 1160 secundum
1459 1114 1471 1152 e

282 1218 416 1284 genus,
444 1200 506 1266 tria
533 1200 687 1284 quaedam
716 1218 832 1285 genera
859 1217 918 1264 uos
945 1197 1062 1263 inuitat
1094 1198 1290 1265 adtendere?
1326 1199 1428 1282 primo

282 1305 489 1371 secundum
512 1325 631 1392 genus
656 1305 871 1390 quadrupedia
894 1307 927 1371 et
946 1305 1087 1388 reptilia:
1107 1305 1162 1373 ubi
1180 1305 1314 1370 arbitror
1331 1305 1428 1390 signi·

282 1411 424 1490 deatum,
447 1432 528 1495 quae
553 1413 769 1497 quadrupedia
787 1412 910 1492 dixerit,
931 1412 1057 1478 scilicet
1075 1430 1154 1494 quae
1172 1412 1204 1476 in
1222 1429 1336 1497 genere
1354 1415 1430 1477 sunt

281 1518 455 1602 reptilium,
484 1519 569 1584 sicut
596 1521 672 1584 sunt
698 1517 819 1596 lacerti,
849 1517 1002 1583 steliones
1030 1519 1063 1582 et
1090 1516 1219 1600 siquid
1244 1516 1430 1583 huiusmodi

282 1627 341 1691 est.
364 1625 499 1708 ideoque
522 1625 555 1690 iu
578 1624 766 1708 repetitione
792 1622 1031 1706 quadrupedum
1058 1641 1173 1690 nomen
1200 1642 1262 1688 uon
1289 1622 1428 1699 sternuit,
1449 1651 1472 1688 ιο

282 1731 355 1812 quia
377 1730 541 1815 reptilium
564 1730 722 1797 uocabulo
745 1730 881 1796 fortasse
906 1730 1077 1813 conplexus
1101 1732 1169 1794 est:
1193 1729 1276 1795 unde
1298 1729 1344 1794 ibi
1365 1748 1428 1794 uon

282 1838 472 1921 simpliciter
489 1838 552 1903 ait:
576 1837 713 1920 reptilia,
732 1837 790 1902 sed
810 1835 951 1902 addidit:
976 1838 1099 1902 omnia
1117 1835 1272 1920 reptilia
1289 1838 1426 1910 terram

264 1943 351 2008 video
375 1945 512 2022 terrae,
538 1942 612 2025 quia
636 1944 767 2008 suntet
793 1961 958 2024 aquarum,
987 1945 1021 2008 et
1046 1941 1117 2008 ideo
1146 1941 1277 2018 omnia,
1302 1944 1339 2007 ut
1361 1942 1427 2007 illio

280 2050 523 2134 intellegantur,
561 2067 641 2132 quas
674 2051 826 2132 quattuor
859 2048 954 2114 etium
987 2047 1123 2132 pedibus
1155 2049 1314 2124 nituntur,
1347 2067 1428 2132 quse

280 2157 428 2241 superius
452 2155 694 2240 quadrupedum
713 2154 840 2221 nomine
860 2154 1038 2239 significata
1054 2153 1179 2237 proprie
1199 2158 1284 2222 sunt.
1307 2155 1427 2220 bestias
1450 2181 1471 2222 ιε

280 2266 398 2342 autem,
424 2262 463 2328 de
486 2261 604 2345 quibus
626 2262 704 2327 item
728 2261 792 2325 ait:
818 2259 1024 2326 secuudum
1048 2279 1176 2346 genus,
1196 2261 1350 2345 quidquid
1374 2281 1427 2328 ore

281 2373 336 2434 tut
359 2371 455 2434 etiam
479 2368 642 2452 unguibus
666 2368 771 2433 saeuit
795 2367 935 2452 exceptis
959 2367 1170 2450 serpentibus.
1202 2385 1316 2452 pecora
1338 2381 1425 2445 uero,

280 2477 319 2542 de
352 2477 469 2560 quibus
502 2476 597 2542 tertio
630 2476 693 2540 ait:
733 2475 939 2541 secuudum
972 2494 1105 2560 genus,
1139 2494 1218 2559 quae
1250 2477 1363 2541 neutra
1392 2475 1426 2539 ui

277 2584 427 2659 lacerent,
443 2583 500 2649 sed
515 2587 571 2649 aut
585 2584 623 2648 de
643 2582 791 2663 cornibus
807 2584 864 2646 aut
876 2600 916 2646 ne
933 2582 995 2648 hoc
1016 2581 1155 2664 quidem.
1182 2581 1322 2665 praedixi
1341 2582 1425 2647 enim

278 2694 312 2755 et
336 2688 575 2773 quadrupedum
598 2706 713 2755 nomen
736 2707 832 2770 quam
855 2688 920 2752 late
943 2688 1052 2769 pateat
1069 2687 1139 2771 ipso
1158 2687 1276 2770 pedum
1295 2706 1426 2754 numero
1444 2718 1470 2753 eo

278 2796 371 2861 facile
400 2795 530 2881 agnosci
566 2798 599 2859 et
630 2794 758 2861 nomine
790 2812 941 2878 pecorum
973 2795 1027 2859 uel
1058 2794 1231 2859 bestiarum
1261 2810 1352 2859 omne
1379 2794 1425 2859 in-

277 2903 432 2968 rationale
464 2901 581 2967 animal
613 2901 782 2985 aliquando
816 2899 1038 2984 conprehendi.
1078 2900 1135 2965 sed
1166 2900 1260 2965 etiam
1288 2900 1425 2967 ferarum

278 3009 474 3075 uocabulum
498 3008 582 3075 solet
603 3008 635 3071 in
659 3007 758 3072 latina
776 3006 887 3091 lingua
905 3006 1104 3073 tantumdem
1124 3007 1248 3082 ualere;
1272 3006 1425 3073 nouideo

278 3118 384 3181 tamen
417 3112 616 3201 neglegenda
647 3114 710 3178 fuit
742 3112 968 3191 consideratio,
1003 3112 1161 3195 quomodo
1192 3114 1318 3196 possint
1347 3112 1425 3178 haec

279 3222 417 3300 nomina,
450 3239 531 3303 quae
563 3238 625 3285 uon
658 3220 776 3285 frustra
807 3220 840 3283 iu
872 3219 934 3283 hoo
966 3218 1192 3302 scripturarum
1223 3221 1293 3284 loco
1321 3218 1427 3301 posita
1444 3248 1470 3288 re

281 3331 366 3407 suut,
386 3327 484 3393 etiam
503 3326 635 3411 speciali
653 3324 857 3391 distinctione
877 3324 1023 3403 discemi
1043 3324 1127 3408 quod
1144 3326 1177 3390 iu
1195 3344 1256 3391 usu
1275 3324 1426 3408 loquendi

278 3435 436 3503 cotidiano
459 3433 553 3499 facile
578 3431 789 3498 animaduerti
812 3434 929 3514 potest.

325 3545 376 3608 12.
405 3541 477 3606 Non
500 3540 618 3611 frustm
641 3540 738 3604 etiam
760 3539 913 3604 lectorem
935 3542 1054 3615 mouet,
1078 3542 1226 3605 utrumne
1248 3538 1368 3623 passim
1392 3542 1424 3602 et

314 3770 327 3823 l
352 3769 471 3823 humana
493 3784 557 3821 eura
580 3766 617 3820 bd
706 3766 723 3819 2
746 3766 870 3838 propriae
895 3766 992 3823 P¹RS¹
1080 3768 1097 3822 3
1124 3766 1246 3837 quidem]
1268 3772 1283 3821 e
1307 3762 1424 3835 quiden

277 3858 425 3929 reperisti
445 3858 466 3924 (i
483 3873 520 3911 m.
540 3857 553 3910 1
573 3871 634 3924 arcp.
654 3858 680 3926 e)
698 3856 727 3911 P
784 3858 801 3909 6
820 3854 968 3911 adtendere
985 3856 1050 3912 E¹S
1105 3857 1122 3912 9
1142 3854 1266 3911 utiliores
1284 3853 1338 3910 PR
1357 3854 1423 3909 stel-

277 3946 364 4001 liones
384 3946 421 4000 bd
475 3942 725 3999 11uoeubulu1nc
777 3943 811 3997 12
830 3942 908 3999 addit
925 3944 1017 3999 Pth
1069 3944 1104 3997 15
1124 3943 1231 4014 proprie
1251 3940 1424 4014 (propriaeld

277 4035 400 4108 propri-e
418 4034 477 4100 ΡΒ)
498 4033 651 4103 significata
669 4032 783 4088 PRde
864 4032 897 4086 16
917 4032 1046 4103 quicquid
1064 4031 1130 4088 Εἰς
1209 4033 1242 4086 17
1261 4030 1379 4101 uugibus
1397 4031 1426 4085 P

277 4125 351 4178 seuit
363 4122 413 4177 SC
465 4123 499 4177 19
513 4121 663 4178 laceratE¹
736 4120 962 4176 deornPRde
1013 4121 1048 4175 20
1063 4120 1283 4193 quadrupedium
1297 4120 1318 4185 (i
1333 4122 1381 4189 er.)
1395 4120 1426 4173 E

277 4214 338 4283 ipsa
354 4212 395 4267 E¹
439 4212 475 4267 21
494 4210 636 4266 nomeuS
687 4226 794 4265 omnem
813 4210 841 4265 P
880 4210 915 4264 22
934 4208 1133 4281 conpraehendi
1150 4208 1244 4265 E¹PR
1288 4208 1324 4263 23
1342 4224 1423 4265 uoca-

277 4302 371 4358 uulurn
389 4301 428 4356 E¹
500 4300 537 4355 25
554 4300 675 4371 nondun]
695 4299 832 4355 omniaO
918 4298 980 4368 hoc]
998 4298 1050 4353 hoc
1067 4296 1180 4353 libroS
1218 4298 1279 4371 “26
1299 4296 1423 4367 speciali]

277 4389 432 4463 spiritalib
505 4389 635 4461 loquendi
653 4407 704 4445 om.
723 4389 755 4445 8¹
811 4389 844 4443 21
864 4388 1013 4453 cottidiano
1032 4388 1071 4441 E¹
1126 4388 1160 4443 28
1179 4404 1240 4457 cap.
1259 4386 1354 4442 XIIE
