3159 4950
681 501 898 555 Praefatio.
1272 501 1361 564 Villi

215 697 362 764 uersibus
400 695 547 762 extremis
584 696 639 779 qui
676 695 897 762 desiderantur
938 695 1078 780 exceptis
1119 696 1361 763 concluduntur.

214 803 379 888 inscriptio
408 801 476 880 „Dc
494 804 655 886 principio
675 802 824 868 (1111111ιι
851 802 1110 878 fol10ffcrcur3
1134 803 1231 868 habet
1254 805 1361 868 eutem

214 911 366 977 maiorem
393 910 540 976 ueritatis
569 910 709 992 speciem
736 910 875 994 primum
898 910 1012 976 folium
1036 910 1206 994 genuinam
1229 910 1362 994 inscrip-

214 1019 333 1084 tionem
372 1021 405 1082 et
444 1017 518 1084 libri
564 1017 833 1082 Retractationem
882 1018 1047 1083 continens
1097 1017 1241 1099 periisse.
1289 1016 1361 1082 sub·

213 1125 344 1208 scriptio
378 1144 397 1188 a
429 1124 538 1190 codice
571 1125 631 1190 sub
664 1125 725 1190 fine
763 1124 878 1190 mutilo
916 1124 1017 1192 abest.

259 1231 536 1298 CodexParisinns
546 1253 576 1297 n.
589 1233 676 1298 1804
686 1231 761 1298 olim
773 1230 975 1296 Golbertinna
985 1231 1051 1295 894
1060 1232 1131 1294 tum
1139 1230 1260 1314 Regius
1271 1230 1358 1294 3538
1386 1229 1414 1294 R

213 1359 231 1404 a
247 1341 289 1403 12
304 1339 564 1404 membranaceus
579 1339 700 1404 saeculi
714 1338 809 1402 VIIII
822 1338 900 1402 folia
913 1339 977 1401 242
996 1337 1094 1402 habet
1112 1356 1286 1420 eommqno
1303 1336 1359 1402 fol.

212 1448 265 1514 41.
293 1447 442 1512 130101
466 1449 542 1512 sunt
563 1447 697 1530 integra.
721 1445 799 1512 folio
825 1448 841 1510 1
868 1443 1031 1526 Praefatio
1056 1445 1159 1509 sancti
1181 1443 1361 1508 Hierooimi

211 1553 352 1631 offertur,
368 1571 463 1635 quam
477 1571 579 1635 usque
596 1551 636 1616 ad
648 1553 762 1617 folium
777 1554 819 1616 39
835 1553 970 1616 eiusdem
988 1550 1176 1634 Hieronymi
1190 1551 1228 1614 dc
1246 1549 1360 1615 Genesi

211 1663 399 1742 sequuntur.
422 1660 504 1724 liber
521 1660 560 1724 de
576 1659 693 1725 Genesi
711 1660 751 1724 ad
768 1660 909 1724 litteram
927 1660 1005 1725 lolia
1018 1655 1199 1724 aab-241*
1214 1661 1358 1742 occupat.

211 1766 326 1832 folium
350 1768 415 1832 242
439 1767 596 1849 scriptura
620 1769 714 1832 caret.
739 1767 800 1832 snb
824 1766 919 1831 finem
941 1766 1076 1832 mutilus
1100 1768 1164 1841 est;
1187 1765 1265 1830 folio
1281 1766 1360 1829 237h

210 1875 376 1938 multaab
399 1872 461 1938 alia
482 1893 580 1939 manu
601 1877 772 1940 retractata
797 1874 953 1946 inuenies,
977 1877 1115 1938 extremo
1138 1872 1216 1938 folio
1238 1873 1361 1954 aliquot

210 1999 325 2046 uersus
350 1983 441 2056 crasi,
466 2000 561 2064 supra
582 1981 712 2046 lituram
736 1981 800 2046 alia
820 2000 918 2045 manu
936 1981 1109 2065 Augustini
1131 1982 1230 2045 uerba
1252 1999 1359 2063 super-

210 2087 331 2170 scripta
361 2091 446 2154 sunt.
480 2107 560 2171 quae
593 2089 631 2153 ab
665 2089 726 2154 hoc
757 2088 834 2154 folio
867 2107 968 2170 usqua
1001 2087 1041 2152 ad
1072 2087 1167 2152 linem
1204 2088 1360 2154 habentur

209 2194 416 2260 recentiorem
444 2213 573 2258 manum
597 2197 630 2260 et
652 2194 755 2260 alieno
783 2194 964 2259 litterarum
986 2193 1085 2259 ductu
1109 2197 1142 2259 et
1165 2193 1358 2278 discrepanti

210 2301 436 2384 orthographia
470 2301 618 2384 produnt.
656 2301 802 2385 singulae
838 2302 971 2385 paginae
1007 2300 1100 2365 lineis
1133 2303 1266 2366 29-30
1301 2300 1358 2365 im-

208 2406 359 2490 plentur.
375 2406 429 2470 hic
460 2407 542 2472 liber·
573 2425 766 2491 quamquam
799 2427 836 2472 en
866 2407 1035 2490 exemplari
1058 2407 1286 2491 transscriptus
1310 2411 1360 2474 est

209 2514 295 2597 quod
327 2512 433 2579 simile
460 2513 522 2579 init
554 2514 583 2579 ei
615 2533 651 2579 er
685 2534 746 2597 quo
780 2514 926 2580 coder‘P
950 2514 1103 2597 originem
1128 2514 1227 2590 duxit,
1251 2518 1357 2579 tamen

209 2620 321 2685 multis
339 2620 420 2685 locis
439 2621 598 2685 canantes
616 2622 771 2687 lectiones
790 2621 929 2704 praebet.
954 2620 1039 2703 quod
1059 2620 1113 2703 qni
1131 2621 1201 2685 fieri
1218 2622 1359 2704 potnerit

211 2746 403 2811 cognoscere
425 2729 458 2791 in
476 2732 626 2812 promptu
651 2732 710 2796 est.
738 2728 783 2795 ibi
807 2729 891 2794 enim
915 2730 1090 2811 scripturae
1104 2746 1124 2791 a
1138 2746 1234 2793 manu
1256 2728 1358 2813 prima

208 2834 369 2916 profectae
392 2836 431 2899 ab
454 2835 518 2900 alia
540 2854 637 2901 mauu
660 2840 717 2901 aut
739 2838 898 2901 correctae
922 2841 978 2901 aut
1000 2855 1107 2901 erasae
1130 2835 1163 2899 in
1187 2853 1357 2917 eammqoe

208 2942 316 3007 locum
357 2942 438 3008 aliae
478 2943 636 3025 repositae
678 2946 762 3008 sunt.
805 2962 886 3026 quae
927 2943 1165 3008 emendationes
1206 2960 1280 3007 cum
1321 2960 1358 3006 er

209 3049 381 3130 purissimo
405 3050 491 3116 fonte
513 3050 670 3127 fluxerint,
694 3055 827 3115 nonest
848 3050 1028 3114 mirandum
1052 3050 1195 3115 codicem
1211 3046 1242 3112 R
1256 3048 1357 3130 pretio

208 3154 351 3221 codicem
376 3155 408 3219 P
430 3156 616 3240 adaequare.

254 3262 389 3328 Codices
416 3264 442 3327 P
471 3268 503 3329 et
530 3264 559 3329 R
586 3284 622 3329 ex
644 3264 841 3329 bibliotheca
863 3263 1025 3329 Nationali
1057 3264 1119 3328 huc
1150 3264 1357 3329 transmissos

207 3389 245 3434 aa
268 3388 331 3451 qua
352 3370 446 3453 potui
470 3370 636 3455 diligentia
657 3372 727 3455 ipse
750 3370 942 3454 comparaui.

253 3474 359 3542 Codex
395 3477 612 3561 sangallensis
649 3496 780 3543 numero
815 3480 877 3543 161
912 3478 1057 3562 signatus
1094 3478 1353 3542 membranaceus
1387 3482 1408 3548 S

205 3582 301 3648 114ο
326 3602 399 3667 pag.
429 3586 494 3649 352
512 3587 588 3661 ÷4
615 3602 725 3669 papyr.
763 3586 892 3651 sacculo
921 3585 1014 3649 VIIII
1050 3584 1189 3667 scriptus
1227 3586 1286 3648 est.
1323 3586 1355 3646 in

205 3689 269 3754 tine
302 3690 364 3756 duo
395 3690 474 3756 10111
505 3690 736 3757 desiderantur.
768 3691 827 3757 illa
854 3692 917 3757 duo
944 3692 1023 3758 folia
1047 3710 1224 3776 papyracea
1247 3690 1354 3755 nescio

205 3816 246 3862 an
269 3816 331 3863 non
355 3796 422 3863 siut
442 3796 653 3883 adglutinabo,
680 3799 713 3863 in
742 3799 859 3881 quibus
882 3817 963 3881 quae
986 3798 1170 3864 exciderunt
1192 3797 1358 3863 occasione

206 3904 284 3968 data
306 3906 537 3989 supplerentur.
571 3904 657 3988 quod
680 3905 810 3987 quidem
834 3924 905 3971 eam
929 3907 969 3971 ob
992 3924 1122 3971 causam
1145 3924 1164 3970 a
1185 3904 1357 3989 probabili·

204 4012 273 4074 tate
297 4010 462 4075 abhorrere
486 4028 547 4075 non
576 4008 714 4089 uidetur,
738 4012 815 4093 quia
836 4012 934 4076 etiam
960 4015 1036 4095 post
1061 4012 1210 4096 paginam
1236 4012 1278 4075 14
1300 4010 1358 4076 ubi

204 4116 284 4179 item
316 4134 415 4179 unum
446 4116 560 4181 folium
591 4116 764 4196 intercidit,
796 4116 831 4181 id
862 4116 948 4199 qnod
974 4117 1006 4181 in
1035 4118 1177 4203 margine
1210 4116 1356 4183 inferiore

205 4221 391 4287 adnotatur:
414 4222 464 4285 bic
482 4222 631 4305 adescat,
649 4224 763 4289 folium
786 4242 997 4308 papyraceum
1020 4225 1175 4289 insertum
1199 4228 1249 4290 est
1271 4223 1357 4287 haud

205 4328 304 4393 dubie
327 4328 367 4393 ad
390 4329 574 4412 excipienda
595 4330 695 4395 norbo
717 4350 798 4413 quaa
824 4331 902 4397 folio
931 4331 1053 4416 perdito
1077 4333 1234 4414 impressa
1257 4336 1353 4397 erant.

205 4434 325 4520 uiginti
357 4436 492 4503 duorum
525 4439 768 4519 quaternionum
806 4440 930 4504 numeri
960 4440 993 4504 in
1029 4440 1164 4505 ultimae
1202 4440 1354 4520 cuiusque
