3159 4950
212 446 277 510 328
558 439 584 494 S.
613 438 751 494 Aureli
778 439 998 510 Augustini

212 657 306 721 quem
336 638 489 713 colorem,
519 654 614 719 quarn
643 638 810 711 staturum,
839 654 919 718 qnae
947 634 1133 700 liniamenta
1160 631 1226 721 [uel
1248 636 1358 717 quoles

211 741 342 830 formes]
368 742 597 825 conspexerint.
627 741 683 806 sed
707 741 745 806 de
769 743 821 806 his
845 741 924 806 alias
948 745 982 806 et
1003 742 1107 806 multe
1129 741 1194 806 inm
1221 740 1357 805 diximus

213 855 255 926 et,
289 849 318 915 si
350 848 428 914 deus
460 849 608 926 uoluerit,
642 849 696 913 ubi
714 868 779 930 ,res
812 848 974 913 uidebitur
1003 848 1177 932 postulare,
1206 847 1357 913 dicemus.

212 975 295 1021 nunc
327 955 411 1040 quod
444 955 548 1022 dicere
582 973 801 1038 coeperamus,
839 955 867 1020 si
899 955 938 1020 de
969 954 1100 1020 traduce
1132 954 1308 1019 animorum
1339 972 1358 1018 e

211 1062 395 1146 perentibus
413 1063 468 1128 uel
485 1081 547 1128 nou
567 1062 714 1127 dubitent
732 1062 871 1146 quidem,
891 1061 976 1145 quod
994 1062 1039 1126 ita
1058 1062 1111 1139 sit,
1129 1060 1183 1126 uel
1201 1061 1357 1137 dubitant,
1389 1079 1403 1119 u

212 1189 251 1233 un
277 1169 324 1234 itu
352 1169 404 1249 sit,
434 1169 572 1234 animem
599 1173 704 1234 tamen
734 1187 848 1251 corpus
877 1186 948 1234 csse
976 1187 1038 1235 non
1066 1167 1204 1233 audeant
1231 1167 1357 1233 credere

212 1279 268 1341 eut
290 1275 404 1353 dicere,
428 1275 563 1342 maxime
586 1278 715 1360 propter
738 1267 914 1358 quodum,
933 1293 974 1342 no
992 1273 1087 1339 deum
1106 1292 1233 1358 quoquo
1250 1273 1358 1358 ipsum

212 1384 292 1448 nihil
315 1385 402 1450 eliud
426 1383 592 1468 opinentur
611 1401 681 1449 esse
701 1401 797 1466 quem
816 1401 942 1466 corpus,
961 1381 1024 1447 etsi
1042 1380 1356 1458 excellentissimum,

212 1491 274 1556 etsi
296 1495 426 1556 naturae
450 1489 615 1556 cuiusdam
637 1489 781 1574 propriae
805 1493 910 1555 cetere
937 1488 1218 1573 supergredientis,
1241 1505 1356 1571 corpus

211 1601 328 1664 tamen.
1376 1613 1402 1654 ro

258 1707 310 1768 25.
335 1703 478 1786 Denique
493 1701 718 1780 Tertullianus,
738 1701 814 1785 quia
836 1720 950 1786 corpus
970 1719 1041 1767 esse
1064 1701 1201 1766 animem
1224 1699 1358 1767 credidit

213 1830 274 1876 nou
299 1812 338 1876 ob
362 1810 459 1886 eliud,
478 1809 540 1875 nisi
563 1809 648 1893 quod
672 1827 742 1874 enm
764 1809 981 1892 incorporeum
1004 1807 1145 1892 cogitare
1167 1825 1229 1872 non
1251 1807 1359 1890 potuit

214 1920 246 1982 et
272 1917 344 1982 ideo
372 1916 491 1994 timuit,
521 1935 560 1981 ne
588 1915 669 1981 nihil
697 1918 793 1994 esset,
822 1915 851 1981 si
878 1933 992 1998 corpus
1019 1933 1082 1980 uon
1111 1916 1209 1992 esset,
1232 1933 1290 1979 nec
1318 1914 1357 1978 de

214 2024 271 2089 deo
290 2023 395 2088 ueluit
413 2023 505 2088 aliter
522 2041 647 2107 supere:
671 2023 726 2106 qui
745 2041 820 2088 sane
839 2022 990 2105 quonium
1007 2025 1058 2086 est
1071 2024 1185 2087 ocutus
1199 2021 1357 2086 interdum

213 2132 321 2195 contre
353 2129 532 2213 opinionem
566 2147 657 2195 suem
689 2129 759 2194 uisu
790 2129 927 2194 ueritate
955 2132 1133 2212 superetur.
1166 2127 1241 2211 quid
1274 2127 1357 2192 euim
1377 2147 1403 2186 rs

212 2237 319 2302 uerius
348 2237 452 2301 dicere
479 2237 585 2320 potuit
608 2255 703 2318 quum
729 2235 774 2313 id,
803 2235 888 2320 quod
911 2237 958 2301 ait
980 2235 1119 2319 quodum
1141 2236 1227 2301 loco:
1253 2252 1356 2300 omne

213 2344 408 2428 corporale
436 2343 624 2426 possibile
653 2346 733 2409 est?
761 2341 873 2408 debuit
900 2361 976 2428 ergo
1003 2342 1128 2408 mutere
1155 2341 1356 2418 sententium,

213 2469 275 2535 que
304 2450 400 2535 paulo
433 2449 580 2535 superius
613 2449 733 2517 dixerut
766 2450 865 2516 etiem
887 2449 983 2515 deum
1007 2467 1121 2534 corpus
1145 2467 1226 2517 esso.
1254 2466 1357 2531 neque

213 2558 297 2623 enirn
333 2557 468 2623 arbitror
503 2576 577 2622 eum
613 2558 659 2621 ita
696 2557 886 2641 desipuisse,
922 2560 961 2623 ut
993 2557 1090 2622 etium
1126 2556 1177 2621 dei
1212 2560 1358 2621 naturum

211 2664 394 2747 passibilem
427 2665 579 2739 crederet,
612 2667 650 2728 ut
680 2663 744 2729 ium
775 2682 838 2729 uon
863 2664 1011 2730 Christus
1042 2663 1075 2729 iu
1107 2681 1200 2729 carne
1231 2666 1357 2727 tuntum
1373 2675 1401 2712 w

212 2789 314 2854 neque
337 2770 369 2834 in
393 2788 484 2835 carne
509 2774 541 2835 et
563 2770 678 2847 anime,
707 2771 764 2835 sed
790 2770 823 2834 iu
851 2772 922 2854 ipso
950 2770 1060 2848 uerbo,
1087 2788 1145 2854 per
1166 2768 1253 2852 quod
1274 2769 1359 2833 fecte

213 2879 288 2943 sunt
320 2876 433 2952 omniu,
465 2877 628 2961 passibilis
657 2881 689 2942 et
717 2876 953 2942 commutabilis
982 2894 1053 2942 esee
1080 2875 1240 2942 credetur:
1273 2874 1358 2957 quod

211 2982 296 3050 absit
327 3002 346 3047 e
377 2982 470 3049 corde
502 2982 684 3050 christiano.
716 2984 795 3049 item
827 3002 900 3049 cum
931 2984 1055 3049 enimse
1089 2983 1186 3047 etiam
1218 2983 1357 3048 colorem

212 3088 300 3153 deret
323 3090 443 3153 nerium
466 3107 502 3153 ao
526 3090 679 3169 lucidum,
703 3094 836 3155 uentum
860 3094 910 3155 est
931 3088 972 3154 ed
995 3108 1119 3165 sensus,
1142 3088 1259 3173 quibus
1287 3106 1357 3153 eum

212 3194 413 3261 membratim
446 3197 537 3280 quusi
571 3216 685 3280 corpus
718 3198 874 3263 instruere
906 3200 1039 3263 conatus
1072 3199 1122 3261 est
1149 3199 1183 3261 et
1208 3196 1268 3261 ait:
1296 3194 1356 3260 hic
1375 3206 1401 3246 ’ὁ

214 3304 287 3369 erit
317 3304 425 3369 homo
458 3303 626 3382 interior,
660 3304 761 3369 alius
794 3304 968 3381 exterior,
1002 3303 1213 3387 dupliciter
1244 3320 1357 3381 unus3

213 3409 353 3475 habeus
383 3411 419 3474 et
446 3408 513 3475 ille
543 3412 675 3475 oculos
704 3414 741 3475 et
768 3428 880 3475 cures
904 3429 1004 3489 sues,
1029 3410 1170 3493 quibus
1193 3412 1358 3497 populus

303 3583 336 3637 16
355 3582 468 3639 Tertull.
488 3582 521 3637 de
541 3584 631 3638 enimn
652 3586 667 3639 7
688 3582 744 3653 (ed.
763 3586 799 3640 A.
817 3584 1013 3652 Reifferscheid
1034 3590 1060 3639 et
1084 3583 1119 3642 G.
1138 3584 1274 3641 Wlseowo
1290 3601 1357 3656 paq.

215 3674 284 3731 303.
303 3676 344 3726 22
397 3672 432 3727 25
450 3671 517 3727 ibid.
536 3689 596 3743 cap.
618 3677 636 3729 9
654 3677 694 3743 (p.
715 3678 777 3738 312,
797 3676 886 3742 2-5)

249 3795 448 3850 llineorneuts
467 3794 505 3850 od
576 3797 621 3851 uel
641 3796 735 3866 quoles
754 3797 855 3851 formes
874 3813 926 3852 cm.
940 3794 1020 3852 PRS
1070 3797 1169 3851 celiis
1183 3796 1217 3853 8¹
1287 3796 1357 3851 mul-

213 3886 256 3938 tus
273 3884 328 3939 PR
383 3884 552 3955 ddicernus]
572 3884 769 3940 docebimusb'
825 3884 1202 3955 secundusomne
1260 3886 1357 3956 ilpro·

213 3973 270 4045 prie
283 3972 321 4029 Sc
393 3972 630 4043 supergredientes
643 3973 671 4027 P
725 3976 756 4030 ll
772 3974 801 4029 iu
814 3973 1028 4030 tertullianus&
1081 3976 1114 4029 14
1128 3975 1226 4045 ualuit]
1239 3973 1357 4029 uoluitb

215 4065 310 4117 ocutus
329 4066 372 4115 est
391 4061 428 4115 bd
484 4060 574 4132 ld'id]
594 4062 666 4133 quod
685 4062 748 4118 idb
822 4066 911 4134 omne]
930 4064 1020 4118 esseb
1074 4063 1111 4119 20
1129 4062 1255 4119 Christus
1272 4062 1359 4119 nond

214 4152 246 4204 21
260 4149 444 4207 alcinous
487 4148 559 4221 quod
569 4149 598 4219 (d
606 4166 628 4205 s.
639 4150 657 4205 l.
667 4168 702 4207 ur.
713 4151 779 4219 1)P
812 4152 847 4206 23
861 4152 987 4222 colorem]
1003 4150 1148 4207 coleremS
1181 4151 1357 4207 essersene

213 4238 247 4293 25
266 4239 411 4307 instruere]
430 4237 603 4294 institueret
640 4238 674 4294 26
694 4239 841 4296 dubliciter
853 4240 895 4296 13²
929 4240 964 4295 27
982 4239 1110 4312 populus]
1125 4239 1359 4296 Puuluse'uteetec

213 4326 330 4382 liabetur
347 4327 387 4381 cd.
406 4326 442 4381 A.
460 4326 655 4395 Reifferscheid
672 4334 697 4383 et
718 4328 752 4384 G.
775 4328 909 4385 Wicsowu
923 4345 954 4399 p.
975 4332 1038 4394 312,
1059 4332 1078 4383 3
