3159 4950
413 473 455 526 de
483 471 626 527 Genesi
656 471 699 525 ad
727 471 909 524 litteram
938 470 1003 524 lib.
1030 469 1053 523 1.
1285 473 1326 535 25

173 669 262 734 facta
286 671 338 734 est
359 679 506 759 uespera,
526 669 694 748 peccatum
716 665 882 730 rationalis
906 667 1077 742 creaturae,
1108 665 1192 748 quod
1220 668 1325 730 autem

174 777 300 841 1661616
324 777 498 852 96161669,
523 773 686 838 renouatio
711 773 780 838 9166
805 772 983 857 significata
1005 772 1162 837 uideatur.

223 883 288 949 Sed
315 883 394 947 1696
422 881 592 965 allegoriae
619 880 825 964 propheticae
853 879 1026 963 disputatio
1056 883 1116 955 961,
1145 898 1241 962 quam
1265 899 1327 944 non

174 989 240 1055 isto
262 1008 405 1055 sermone
425 989 636 1072 suscepimus.
661 987 862 1052 instituimus
886 987 968 1050 enim
993 986 1031 1050 de
1055 986 1221 1070 scripturis
1245 1005 1328 1050 nunc

143 1097 266 1179 eloqui
292 1096 468 1162 secundum
491 1094 716 1177 'proprietatem
739 1112 846 1158 rerum
869 1097 1043 1178 gestarum,
1066 1112 1129 1159 non
1153 1092 1327 1157 secundum

176 1203 360 1287 aenigmata
381 1202 570 1266 futurarum.
600 1219 673 1284 ergo
699 1199 737 1264 ad
760 1201 915 1264 rationem
938 1201 1093 1265 166161661
1118 1199 1327 1264 66611161661-

178 1329 239 1392 que
264 1312 448 1373 naturarum
472 1307 631 1390 quomodo
655 1306 838 1372 inuenimus
857 1326 1024 1390 uesperam
1044 1310 1186 1372 9116666
1205 1306 1237 1370 in
1255 1307 1327 1371 luce

178 1414 341 1498 spiritali?
380 1433 418 1479 an
452 1413 568 1479 diuisio
602 1413 731 1496 quidem
763 1413 845 1478 lucis
875 1433 893 1477 a
919 1413 1058 1478 tenebris
1087 1413 1249 1478 distinctio
1278 1417 1328 1478 est

177 1523 241 1586 iam
271 1521 316 1584 rei
344 1521 498 1587 formatae
527 1521 565 1584 ab
595 1519 732 1596 informi,
766 1521 937 1604 appellatio
968 1539 1044 1584 uero
1074 1520 1136 1585 diei
1165 1523 1196 1584 et
1224 1521 1327 1585 noctis

130 1649 157 1684 ιο
177 1626 353 1692 insinuatio
383 1625 618 1690 distributionis
648 1629 707 1702 est,
737 1645 799 1708 qua
831 1625 1027 1709 significetur
1053 1625 1133 1689 nihil
1161 1627 1255 1690 deum
1283 1626 1327 1689 in-

178 1732 360 1797 ordinatum
393 1730 570 1813 relinquere
609 1736 704 1812 atque
737 1733 840 1814 ipsam
872 1732 1117 1808 informitatem,
1149 1751 1205 1815 per
1233 1751 1328 1814 quam

177 1859 229 1904 res
254 1839 293 1902 de
319 1838 424 1921 specie
447 1839 478 1901 in
504 1837 643 1919 speciem
666 1838 760 1904 modo
786 1840 922 1920 quodam
945 1839 1137 1904 transeundo
1155 1841 1327 1911 mutantur,

176 1966 239 2011 non
264 1964 334 2010 esse
358 1945 582 2028 indispositam
604 1963 707 2026 neque
732 1945 875 2010 19196166
903 1947 1127 2028 profectusque
1156 1947 1327 2021 creaturae,

176 2053 295 2136 quibus
310 2052 443 2117 sibimet
453 2050 641 2133 temporalia
655 2070 800 2132 quaeque
815 2053 1001 2129 succedunt,
1018 2054 1085 2118 sinc
1105 2053 1326 2137 subplementa

129 2185 157 2224 15
177 2179 248 2225 6669
274 2160 397 2224 decoris
421 2158 587 2224 uniuersi?
617 2177 676 2225 nox
701 2159 785 2223 enim
810 2158 970 2223 ordinatae
995 2163 1071 2223 sunt
1092 2159 1250 2224 19691169.

222 2267 396 2349 Propterea
427 2285 502 2332 uero
536 2284 607 2330 cum
642 2266 726 2330 16616
759 2269 845 2330 96691
875 2266 943 2341 lux,
972 2266 1093 2329 dictum
1127 2269 1194 2330 est:
1229 2265 1327 2329 uidit

176 2373 270 2438 deus
299 2375 424 2438 lucem
464 2372 551 2454 quia
583 2372 680 2437 bona
708 2376 781 2449 961,
812 2392 886 2436 cum
909 2373 969 2436 hoc
992 2377 1103 2454 posset
1125 2375 1201 2455 post
1223 2372 1328 2436 omnia

172 2480 321 2545 eiusdem
346 2479 408 2545 diei
433 2478 546 2556 dicere,
571 2478 604 2543 id
628 2484 686 2556 est,
710 2483 758 2557 61,
783 2499 855 2544 cum
876 2480 1066 2562 explicasset
1088 2479 1201 2555 ,dixit
1220 2480 1326 2543 deus:

175 2585 250 2649 fiat
272 2586 348 2649 lux.
380 2589 418 2650 et
439 2586 541 2650 facta
564 2588 623 2651 961
646 2586 718 2650 lux.
745 2590 781 2650 et
805 2586 944 2649 diuisit
967 2585 1058 2650 deus
1082 2586 1182 2649 inter
1205 2586 1326 2650 166961

127 2722 155 2759 96
179 2697 219 2757 61
241 2692 421 2757 19691166
456 2696 494 2757 91
517 2693 676 2757 6966611
700 2693 793 2757 deus
816 2695 939 2758 lucem
964 2693 1060 2757 diem
1086 2696 1123 2757 91
1148 2694 1325 2758 tenebras

176 2800 338 2864 uocauit
374 2803 556 2875 noctem“,
595 2802 672 2864 1666
709 2800 847 2864 diceret:
886 2803 924 2864 et
958 2799 1058 2863 uidit
1095 2800 1201 2877 deus,
1239 2802 1327 2883 quia

175 2908 314 2971 bonum
341 2908 410 2984 661,
436 2909 468 2970 91
491 2905 640 2989 deinceps
665 2906 865 2971 adnecteret:
891 2910 927 2970 61
950 2907 1051 2971 16616
1075 2910 1133 2971 961
1155 2927 1325 2990 uespera,

176 3016 215 3077 et
242 3014 385 3077 1661661
416 3016 475 3078 661
502 3032 622 3091 16669,
653 3014 738 3078 61661
760 3015 792 3077 16
817 3014 888 3078 aliis
912 3014 1061 3097 operibus
1088 3014 1180 3091 facit,
1209 3014 1326 3096 quibus

174 3120 337 3185 uocabula
355 3120 488 3203 inponit.
513 3120 565 3185 116
589 3140 662 3205 ergo
686 3123 853 3204 propterea
876 3141 936 3186 non
960 3122 1006 3186 ita
1026 3122 1114 3198 fecit,
1137 3122 1285 3204 quoniam
1309 3140 1327 3183 a

127 3250 154 3288 25
176 3227 314 3291 formata
336 3246 370 3291 19
396 3226 434 3290 ad
457 3228 518 3292 166
543 3228 695 3292 distincta
725 3232 775 3293 961
797 3228 854 3292 illa
875 3228 1066 3303 informitas,
1090 3231 1127 3293 61
1149 3246 1211 3293 666
1233 3228 1266 3291 16
1291 3247 1327 3292 96

174 3334 249 3397 finis
274 3336 369 3411 esset,
394 3333 451 3398 sed
474 3334 577 3399 adhuc
600 3334 765 3399 formanda
787 3339 922 3399 restaret
943 3354 999 3419 per
1023 3338 1181 3400 creaturas
1206 3338 1326 3399 ceteras

269 3538 469 3605 16116614
525 3540 558 3595 18
578 3539 645 3596 Gen.
666 3543 690 3605 1,
710 3542 734 3597 3.
754 3542 816 3595 11

214 3674 373 3727 1619111616
395 3672 432 3726 Ρ1
504 3674 521 3727 3
545 3674 689 3744 allegorica
714 3678 756 3740 (66
778 3677 937 3730 11116661.
957 3676 984 3743 2)
1004 3676 1033 3731 R
1121 3676 1279 3746 prophetiae
1301 3676 1326 3730 11

56 3798 63 3817 1
174 3762 352 3831 denignrata
370 3762 475 3819 EPSR
524 3764 711 3833 1616161616]
732 3766 880 3833 figurarum
899 3764 937 3818 111
1007 3764 1325 3834 166161616(6611.6.1.

175 3850 242 3903 add.
262 3868 296 3906 m.
320 3852 330 3904 l
350 3867 439 3919 supro
456 3868 526 3907 erce.
546 3856 572 3917 6)
588 3852 616 3907 R
688 3853 921 3924 conditarumque]
941 3853 1138 3908 conditarumb
1194 3856 1209 3908 7
1228 3870 1325 3923 uespe-

176 3937 248 3991 raS
301 3939 435 3993 Sdiuisio
455 3940 686 4011 661119161116166
707 3941 817 4012 quidam
836 3942 873 3996 Ρ1
931 3943 1071 3997 1161166116
1092 3942 1159 4009 (1161
1176 3958 1198 3995 s.
1219 3942 1236 3996 1.
1256 3943 1325 3995 mi

174 4042 263 4095 supra
279 4032 347 4094 ros.)
368 4028 396 4081 P
465 4029 657 4085 9166661911
728 4030 761 4085 lo
780 4030 933 4086 inordinate
951 4031 990 4085 E¹
1064 4032 1097 4084 12
1122 4029 1270 4085 traseundo
1288 4030 1326 4083 P¹

175 4118 317 4169 mutantur
333 4132 360 4181 (6
373 4132 394 4168 a.
411 4116 428 4169 l.
443 4132 477 4171 m.
493 4117 518 4183 l)
533 4118 564 4170 E
599 4118 631 4173 13
646 4119 848 4188 proiectusque]
865 4134 953 4188 neque
966 4118 1130 4189 proiectusb
1169 4118 1203 4171 14
1216 4118 1325 4188 supple·

175 4206 268 4257 mento
290 4203 385 4259 ERbd
439 4206 473 4259 15
492 4205 684 4277 inordinateb
740 4208 773 4262 17
797 4207 931 4278 possitS
986 4208 1018 4262 18
1043 4207 1213 4277 explicasset]
1239 4207 1325 4277 6911161

176 4292 372 4362 explicassetb
431 4293 466 4346 24
485 4294 600 4363 imponit
619 4296 649 4349 Ε
664 4295 814 4367 inponch
900 4302 1044 4367 propterea
1062 4297 1149 4350 emb
1218 4295 1325 4350 26161-

175 4380 323 4449 166616(6
344 4396 377 4434 ec
394 4381 480 4450 61)Ε
550 4386 715 4438 restauretur
733 4387 759 4455 (r
777 4401 800 4439 6.
820 4385 837 4442 l.
856 4402 890 4439 m.
912 4385 937 4454 1)
957 4384 981 4440 S
