3159 4950
264 496 328 559 500
429 492 456 546 S.
479 491 595 547 Aureli
621 490 806 562 Augustini
829 488 868 545 de
891 490 1012 545 Genesi
1036 490 1075 544 ad
1098 490 1248 544 litteram

262 686 417 769 potuisse,
442 688 474 750 et
500 684 584 769 ignis
611 684 736 749 lucisne
763 684 964 768 particulam,
989 704 1025 750 eo
1050 684 1136 767 quod
1161 703 1224 751 non
1252 685 1296 750 sit
1318 684 1410 750 dissi-

263 794 349 858 milis
367 793 498 876 reliquis
516 792 671 875 partibus,
691 792 769 869 lieri,
789 796 827 857 ut
845 792 889 857 sit
906 792 991 875 quod
1010 794 1073 857 est:
1097 791 1143 856 ita
1161 791 1200 857 de
1218 810 1410 875 unoquoque

261 900 404 984 lapidum
428 900 481 965 uel
505 901 652 965 arborum
671 900 724 964 uel
743 918 873 982 corpore
892 898 1067 965 cuiuslibet
1083 898 1254 964 animantis
1273 898 1409 964 discerni

263 1009 296 1071 et
325 1006 471 1091 intellegi
503 1009 621 1090 potest,
657 1005 743 1089 quod
774 1024 836 1071 non
869 1006 974 1071 solum
1003 1024 1077 1071 cum
1105 1005 1177 1071 aliis
1206 1006 1257 1071 sui
1286 1004 1410 1090 generis

261 1114 366 1192 rebus,
391 1114 503 1179 sedin
527 1113 663 1196 seipsis
688 1112 825 1197 singulis
857 1131 919 1178 non
953 1114 1069 1191 essent,
1097 1112 1160 1177 nisi
1190 1116 1297 1196 partes
1329 1112 1412 1175 inter
1447 1135 1462 1171 s

263 1240 297 1286 se
329 1222 451 1286 similes
483 1220 645 1287 haberent.
679 1224 711 1285 θῖ
741 1222 830 1285 tanto
863 1222 913 1285 θεῖ
944 1218 1110 1302 pulchrius
1139 1238 1264 1302 corpus,
1290 1220 1407 1300 quanto

263 1327 470 1393 similioribus
488 1326 571 1391 inter
584 1344 618 1391 so
634 1326 701 1392 suis
720 1325 866 1409 partibus
885 1328 1020 1393 constat.
1040 1326 1104 1390 iam
1121 1345 1214 1409 porro
1234 1324 1407 1389 animarum

261 1452 324 1499 non
343 1433 446 1499 solum
466 1434 600 1498 aliarum
619 1452 691 1497 cnm
710 1433 781 1497 aliis
800 1432 943 1497 amicitia
958 1432 1119 1498 similibus
1137 1432 1280 1497 moribus
1299 1430 1405 1507 confit,

262 1541 318 1606 sed
339 1541 434 1605 etiam
453 1540 485 1605 in
504 1558 692 1622 unaquaque
712 1540 818 1603 anima
841 1539 961 1605 similes
980 1539 1122 1605 actiones
1142 1541 1238 1621 atque
1256 1537 1404 1615 uirtutes

264 1646 331 1712 sina
354 1647 470 1729 quibus
490 1646 667 1711 constantia
687 1664 756 1711 esse
774 1665 838 1711 uon
856 1648 974 1729 potest,
992 1647 1118 1711 beatam
1137 1645 1239 1709 uitam
1256 1644 1407 1709 indicant.
1428 1668 1455 1705 ιο

264 1754 382 1819 similia
412 1772 488 1819 uero
521 1753 600 1818 haec
632 1752 747 1830 omnia,
780 1772 844 1819 non
880 1755 988 1817 autem
1025 1753 1128 1835 ipsam
1165 1750 1409 1817 similitudinem

262 1879 435 1943 possumus
459 1859 572 1925 dicere.
598 1862 797 1943 quapropter,
821 1859 849 1924 si
871 1860 966 1925 rebus
989 1860 1073 1924 inter
1095 1877 1129 1923 εθ
1158 1858 1318 1923 similibus
1341 1857 1410 1922 uni·

263 1966 399 2031 uersitas
432 1968 567 2045 constat,
600 1970 638 2030 ut
669 1965 815 2051 singulae
848 1966 912 2031 sint
944 1966 1098 2049 quidquid
1130 1968 1207 2031 sunt
1235 1968 1268 2030 et
1298 1983 1408 2030 omnes

149 2069 151 2075 ’
263 2072 367 2157 ipsam
390 2072 632 2137 uniuersitatem
657 2072 836 2155 conpleant,
856 2091 951 2155 quam
974 2072 1052 2138 deus
1076 2074 1109 2137 et
1132 2071 1275 2137 condidit
1297 2074 1331 2137 et
1352 2090 1408 2153 gu-

263 2179 384 2255 bernat,
407 2198 464 2261 per
495 2178 737 2245 similitudinem
770 2180 840 2245 eins
871 2179 1025 2262 profecto,
1049 2178 1104 2261 qui
1127 2178 1270 2244 condidit
1292 2178 1407 2253 omnia,
1428 2200 1454 2239 ιε

263 2284 551 2367 supereminentem
584 2287 678 2367 atque
710 2284 1005 2350 incommutabilem
1037 2287 1070 2349 et
1095 2284 1408 2350 incontaminabilem

262 2390 339 2456 talia
360 2390 446 2455 facta
468 2392 554 2467 sunt,
577 2393 614 2455 ut
637 2390 797 2456 similibus
819 2391 903 2455 inter
926 2410 960 2456 se
992 2390 1135 2475 partibus
1167 2390 1301 2474 pulchra
1332 2390 1405 2466 sint,

256 2498 303 2564 ad
325 2498 429 2581 ipsam
452 2501 558 2563 tamen
582 2498 826 2564 similitudinem
849 2500 955 2564 omnia
978 2519 1040 2565 nou
1063 2499 1147 2564 iacta
1170 2499 1245 2576 sint,
1265 2498 1323 2564 sed
1341 2499 1409 2563 sola

264 2605 444 2670 substantia
474 2605 654 2670 rationalis:
688 2625 784 2688 quare
814 2605 921 2670 omnia
947 2607 1139 2689 peripsam,
1164 2605 1221 2670 sed
1244 2605 1408 2689 adipsum

261 2731 323 2776 non
348 2712 461 2776 omnia.
1421 2737 1447 2774 e>

306 2817 481 2882 Rationalis
513 2817 621 2900 itaque
655 2819 836 2885 substantia
862 2821 895 2884 et
916 2838 973 2903 per
994 2819 1098 2901 ipsam
1121 2818 1207 2884 iacta
1234 2823 1285 2886 est
1313 2819 1408 2884 etad

261 2925 378 3007 ipsam;
413 2943 475 2990 non
503 2925 587 2990 enim
616 2928 666 2991 est
692 2925 760 2990 ulla
786 2928 899 2990 natura
924 2926 1123 3008 interposita,
1151 2925 1407 3009 qnandoquidem

263 3049 353 3096 mens
385 3031 593 3096 humana-
621 3032 706 3115 quod
738 3051 800 3098 non
833 3033 941 3109 sentit,
973 3033 1036 3097 nisi
1067 3051 1141 3098 cnm
1172 3033 1345 3115 purissima
1376 3036 1408 3096 et

261 3137 448 3202 beatissima
470 3140 521 3202 est
538 3175 581 3184 —
600 3139 681 3202 nulli
704 3139 851 3204 cohaeret
873 3138 935 3202 nisi
953 3138 1016 3221 ipsi
1033 3137 1173 3218 ueritati,
1193 3157 1273 3221 quae
1297 3139 1408 3205 simili.

261 3244 339 3310 tudo
365 3249 397 3308 et
419 3243 523 3330 imago
547 3245 646 3328 patris
671 3249 703 3310 θῖ
726 3246 882 3331 sapientia
910 3247 1035 3313 dicitur.
1063 3248 1150 3311 recte
1172 3245 1273 3330 igitur
1296 3265 1405 3312 seeun-
1422 3266 1448 3304 as

262 3351 337 3416 dum
369 3351 440 3429 hoc,
476 3350 561 3432 quod
592 3350 726 3418 interius
760 3355 793 3416 et
823 3351 998 3435 principale
1029 3350 1168 3418 hominis
1201 3354 1260 3429 θεῖ,
1292 3352 1326 3416 11
1359 3357 1408 3418 θεῖ

262 3457 439 3524 secundum
462 3459 601 3522 mentem
625 3458 798 3542 accipitur:
827 3458 1013 3524 faciamus
1041 3457 1227 3522 hominem
1255 3458 1300 3522 ad
1321 3459 1407 3524 ima·

261 3563 384 3647 ginem
415 3565 453 3628 et
479 3563 778 3629 similitudinem
807 3567 985 3629 nostram.
1009 3583 1045 3628 ex
1067 3563 1124 3628 illo
1148 3564 1244 3643 enim,
1268 3565 1354 3646 qnod
1376 3564 1407 3629 in

261 3669 388 3735 homine
412 3669 623 3754 principatum
647 3673 745 3749 tenet,
769 3671 855 3754 qnod
878 3690 951 3736 eum
974 3670 1130 3754 disiungit
1148 3690 1167 3735 a
1183 3670 1300 3750 beluis,
1318 3675 1405 3737 totus

299 3877 312 3930 1
333 3877 446 3948 lucisne]
465 3877 533 3932 lucis
552 3895 600 3931 sne
624 3877 709 3932 VML
729 3877 798 3931 lucis
817 3893 864 3950 sue
883 3877 899 3930 b
958 3878 976 3931 2
995 3879 1048 3947 eat]
1065 3894 1120 3931 non
1140 3881 1182 3931 est
1198 3877 1277 3933 ΜΗ)
1331 3879 1404 3948 let]

262 3966 306 4020 nel
320 3965 364 4020 Lb
418 3967 592 4037 tipnlohrius
611 3967 693 4024 estL
748 3967 907 4036 lpartibua
925 3967 982 4021 auis
999 3966 1100 4022 MLbd
1151 3966 1332 4038 8similibns]
1354 3985 1406 4038 qua

262 4054 395 4109 similibus
419 4055 446 4110 V
534 4058 566 4112 13
585 4057 708 4127 singulae
729 4057 767 4126 (in
786 4058 819 4110 in
834 4073 890 4111 rua.
909 4073 944 4113 m.
963 4060 988 4120 1>
1012 4056 1039 4111 V
1127 4055 1236 4127 loqui]
1256 4073 1311 4126 qua
1327 4058 1404 4112 MLb

264 4144 296 4197 16
315 4145 545 4213 supereminenter
563 4145 578 4197 b
660 4144 919 4199 incommutabiliter
937 4145 969 4213 b,·
986 4143 1236 4198 incommutabilem
1255 4153 1284 4199 et
1301 4161 1352 4199 om.
1372 4144 1408 4198 Μ

263 4235 291 4286 θῖ
309 4232 575 4287 incontaminabilem
594 4249 645 4289 om.
669 4233 695 4286 V
764 4233 1043 4289 incontaminabiliter
1061 4233 1077 4286 b
1142 4233 1176 4288 18
1194 4233 1285 4288 omnia
1303 4249 1358 4288 non
1374 4235 1405 4288 ia

262 4336 319 4375 raa.
334 4319 445 4374 m.2V
514 4323 580 4375 sunt
598 4321 624 4375 V
660 4321 692 4376 19
707 4321 742 4376 ad
757 4321 984 4392 omninipsaan
1021 4323 1055 4378 20
1074 4324 1175 4392 omnia]
1193 4323 1246 4377 nisi
1265 4323 1356 4377 anima
1369 4323 1405 4376 bd

262 4407 309 4461 seo
326 4406 490 4462 Rationalis:
510 4409 607 4478 Itaque
625 4425 681 4478 sqq.
701 4425 761 4463 uem
779 4410 870 4464 anima
888 4411 1027 4480 coniungit
1046 4413 1062 4465 b
1125 4411 1160 4466 23
1179 4411 1250 4479 curn]
1269 4427 1330 4464 enm
1344 4410 1404 4466 ML
