3159 4950
364 501 1199 574 operisdeGeuesiadlitterarncapitula.
1284 507 1349 571 443

328 704 345 761 Ι
368 702 560 774 Quaestiones
584 705 613 761 st
635 703 839 777 responsiones
864 704 1004 763 aduersus
1027 703 1223 763 Manichaeos.

311 792 342 851 II
364 794 575 866 Argumentum
602 810 637 850 cr
662 793 748 851 nobis
780 792 933 853 collectum
968 794 1044 867 quod
1068 792 1148 852 aliud
1172 794 1210 853 sit
1243 793 1349 864 anima,

366 882 445 939 aliud
467 880 554 940 flatus
577 884 685 940 nostor.

293 971 340 1029 III
361 971 428 1029 Ilon
443 970 644 1041 dubitandum,
660 971 736 1045 quod
751 974 853 1045 posset
866 972 963 1030 aalma
976 972 1062 1031 stiam
1077 971 1140 1045 ipse
1159 972 1246 1030 flatus
1261 971 1349 1031 credi.

173 1078 186 1117 s
282 1060 343 1118 ΠΗ
364 1060 471 1118 Anima
493 1076 552 1118 non
576 1060 612 1118 de
637 1076 756 1135 corpora
779 1060 890 1131 mundi,
915 1078 973 1120 non
998 1061 1033 1119 de
1057 1060 1223 1119 substantia
1247 1060 1304 1120 dei.

317 1150 343 1209 V
366 1148 472 1207 Anima
495 1149 643 1223 quaeritur
663 1153 760 1208 utrum
784 1167 818 1208 cx
840 1148 931 1208 nihilo
954 1166 993 1208 an
1017 1167 1051 1208 ex
1074 1149 1234 1225 aliquare.

298 1238 341 1297 VI
362 1238 410 1296 An
433 1238 463 1295 in
486 1238 546 1296 illis
569 1256 619 1297 sex
642 1238 753 1297 dierum
774 1237 1010 1313 primordialibus
1033 1238 1129 1299 causis
1156 1255 1215 1297 non
1238 1239 1351 1297 animae

368 1330 482 1395 natura,
507 1327 559 1386 ssd
581 1326 656 1387 ratio
678 1330 792 1386 tautum
816 1329 878 1387 erat
901 1328 1043 1387 creandas
1068 1328 1196 1388 eiusdem
1220 1330 1349 1388 naturas.

282 1418 339 1476 VH
360 1416 418 1475 Hic
437 1416 636 1476 adfirmatione
654 1434 798 1492 suspensa
819 1416 910 1476 ueluti
936 1434 1079 1493 quaerens
1097 1417 1243 1493 propriam
1261 1434 1351 1491 quan-

162 1523 189 1563 io
369 1506 435 1563 dam
457 1504 572 1564 animas
595 1505 789 1565 substantiam
814 1506 877 1565 uult
895 1506 1026 1581 intellegi
1044 1506 1075 1565 in
1093 1506 1152 1566 illis
1172 1524 1222 1565 sex
1241 1506 1350 1565 dierum

367 1594 603 1668 primordialibus
627 1595 723 1654 causis
746 1594 854 1654 factam
878 1613 896 1655 a
919 1596 984 1657 deo.

274 1685 347 1743 VIII
370 1683 480 1754 Quibus
508 1684 595 1743 rebus
623 1684 721 1743 anima
747 1684 781 1742 fit
809 1684 945 1743 deformis
973 1686 1002 1744 et
1028 1702 1142 1744 rursum
1171 1684 1276 1759 quibus
1305 1700 1351 1743 re·
1418 1684 1420 1689 ’

366 1772 513 1834 formetur.

255 1862 342 1921 VIIII
364 1862 431 1920 Alia
449 1863 581 1937 quaestio
596 1864 626 1921 et
639 1879 674 1921 ex
689 1878 725 1921 ea
738 1879 824 1936 quam
839 1863 945 1922 multas
955 1862 1166 1939 propositiones
1183 1867 1351 1939 sequantur.

165 1968 178 2008 ε
318 1954 344 2010 X
367 1952 446 2022 Quae
468 1952 582 2025 species
606 1952 668 2010 eius
686 1951 761 2010 uiuit
779 1970 817 2011 an
835 1955 914 2011 non?
938 1952 1007 2027 qnid
1026 1952 1106 2028 agit?
1131 1953 1200 2027 quid
1219 1955 1352 2011 confert?

368 2041 452 2099 beate
475 2058 514 2099 an
537 2040 639 2100 misere
662 2040 755 2101 uiuit?
783 2059 820 2100 an
843 2045 1000 2101 neutrum?
1028 2042 1159 2101 uiuificat
1180 2041 1290 2117 aliquid
1314 2058 1349 2100 sn

367 2131 473 2189 uacat?

301 2220 343 2277 XI
364 2220 409 2277 Dc
432 2218 529 2277 anima
550 2218 719 2278 inrationali
741 2236 800 2279 non
828 2219 891 2278 beri
918 2218 1088 2279 rationalem
1111 2228 1166 2279 nec
1190 2220 1282 2294 ipsam
1305 2219 1351 2278 in-

369 2307 540 2366 rationalem
563 2308 599 2366 da
622 2325 750 2381 corpore.

161 2415 189 2455 so
290 2398 346 2455 XII
367 2397 424 2455 Hic
445 2396 613 2457 Platonicos
636 2398 683 2457 uel
705 2397 892 2458 Manichacus
915 2398 1020 2472 tangit.

271 2488 342 2546 XIII
363 2487 504 2546 Homines
527 2486 630 2547 bestiis
653 2487 762 2546 similes
785 2487 863 2547 uitae
886 2505 1002 2563 genere,
1027 2505 1085 2548 non
1108 2487 1351 2548 transmutatione

369 2580 500 2638 naturas.

253 2667 340 2724 XIIII
363 2666 446 2737 Quod
469 2665 586 2741 quidam
610 2665 711 2725 dicum
732 2665 824 2725 fuisso
847 2667 894 2726 uel
916 2665 1040 2724 inueniri
1068 2666 1225 2740 aliquando
1249 2665 1298 2740 qui
1321 2682 1353 2723 ss

369 2755 558 2814 recordantur
578 2755 637 2813 iam
660 2758 748 2814 antea
769 2755 860 2814 fuisse
878 2755 908 2814 ln
926 2755 1033 2814 mundo
1053 2758 1104 2814 aut
1125 2747 1199 2815 falso
1218 2757 1353 2813 narratur

163 2861 190 2900 aa
370 2846 421 2902 aut
451 2843 697 2904 ludificationibus
730 2845 901 2904 daemonum
933 2844 1044 2919 geritur
1073 2845 1104 2904 ln
1130 2847 1227 2905 mente
1255 2861 1352 2903 eorum

372 2931 421 3007 qui
443 2933 474 2991 id
497 2932 702 3007 imaginantur.

294 3023 345 3082 XV
367 3023 436 3082 Non
460 3025 506 3081 est
527 3022 624 3081 anima
644 3023 759 3096 pecoris
781 3023 895 3082 animae
917 3023 1060 3082 humanae
1084 3023 1229 3087 materies.
1257 3026 1352 3082 utrum

370 3128 474 3186 corpus
488 3114 635 3170 terrenum
650 3114 680 3171 et
691 3112 821 3172 umidum
834 3129 888 3171 nec
903 3113 975 3172 boc?
993 3115 1089 3172 utrum
1108 3130 1186 3188 aqua
1203 3131 1257 3172 uec
1277 3113 1354 3172 boor

280 3201 348 3261 XVI
369 3201 471 3260 Utrum
494 3201 601 3260 sarsit
622 3202 758 3262 materies
780 3201 894 3261 animae
917 3201 1079 3262 rationalis.

164 3305 192 3345 ao
263 3290 345 3348 XVII
366 3290 424 3348 Hic
446 3289 578 3364 superior
599 3291 759 3364 propositio
783 3290 934 3351 refutatur.

249 3379 348 3438 XVIII
370 3379 461 3438 Omne
494 3395 600 3454 corpus
631 3379 662 3438 in
690 3397 773 3440 omns
802 3398 906 3454 corpus
934 3397 1019 3454 posse
1051 3381 1157 3440 mutari
1186 3379 1283 3455 opInio
1309 3381 1355 3438 ost

372 3469 562 3543 quorundam.
589 3469 620 3527 in
646 3470 772 3528 animam
799 3487 885 3544 possa
916 3469 1045 3528 conuerti
1073 3487 1126 3528 nec
1150 3469 1222 3528 fides
1244 3468 1355 3542 patitur

370 3575 424 3617 uec
448 3556 601 3632 quisquam
623 3575 712 3618 ausus
736 3561 781 3617 est
803 3559 965 3618 adfirmare.

232 3646 346 3706 XVIIII
367 3647 474 3706 Anima
500 3647 629 3722 corporis
657 3647 791 3707 sensibus
820 3648 901 3707 uelut
923 3647 1033 3706 nuntiis
1058 3647 1231 3722 quibusdam
1263 3647 1355 3704 utitur

164 3749 191 3788 εδ
372 3737 410 3796 ad
433 3737 596 3811 corporalia
619 3737 831 3812 cognoscenda.

300 3826 350 3883 XX
372 3825 478 3884 AnIma
500 3842 555 3884 nec
577 3827 613 3884 dc
636 3827 769 3886 omnibus
802 3827 951 3886 clementis
983 3824 1082 3884 mnndi
1114 3831 1269 3884 concreata
1300 3841 1354 3883 nec

372 3914 407 3973 dc
430 3929 487 3973 uno
511 3915 650 3990 quolibet.

248 4201 439 4257 lmaniclreos
511 4205 546 4259 10
564 4204 592 4258 in
610 4221 633 4260 s.
653 4205 670 4259 l.
689 4209 758 4259 m.1
815 4205 848 4257 15
868 4203 914 4275 qui
932 4205 981 4272 fin.
1036 4202 1071 4257 23
1089 4202 1355 4327 inuenirikinuentri

211 4275 247 4329 24
265 4278 330 4328 ante
347 4274 414 4328 Mai
464 4275 498 4329 25
516 4281 622 4330 mentes
671 4277 706 4330 26
726 4275 802 4346 quiid
823 4279 879 4344 (pr.
898 4275 908 4328 i
926 4277 1007 4329 inser.
1026 4291 1060 4328 m.
1079 4279 1105 4342 1)
1161 4274 1196 4328 28
1233 4273 1354 4328 umidum

210 4345 278 4400 Mai
348 4346 380 4400 31
407 4345 522 4401 Omnem
594 4347 629 4401 32
654 4349 694 4402 ad
717 4347 884 4418 quorundam
907 4346 939 4401 irs
961 4361 1012 4416 asp.
1032 4345 1112 4400 add:
1135 4345 1270 4400 medicina
1289 4346 1356 4400 dicii

211 4417 245 4472 37
265 4417 299 4470 de
317 4433 368 4471 om.
387 4418 453 4473 Mai
