3159 4950
697 442 913 496 Praefatio.
1287 448 1378 510 ΗΠ

224 638 265 702 de
292 635 405 702 Gerresi
436 637 514 702 daos
546 637 639 702 libros
667 637 981 703 contradicentem
1013 641 1221 706 cortdidiseem
1254 661 1322 724 sqq.
1351 645 1379 705 et

223 743 272 808 ita
294 743 380 824 tissa·
413 743 563 806 admoneo
590 745 624 805 at
654 742 700 806 illi
728 747 770 806 12
797 743 871 806 libri
897 745 1040 827 apantm
1067 766 1143 826 arros
1166 746 1251 830 anae
1268 750 1379 827 postca

222 849 386 930 episcopas
410 848 470 930 feei
498 853 525 914 et
553 869 590 913 ee
616 849 689 914 istis
717 851 797 931 'pisa
818 850 856 914 de
877 851 939 914 isto
970 852 1126 915 iadieetar
1140 905 1147 918 .
1162 851 1213 916 tie
1236 852 1311 916 liter
1333 853 1379 915 sia

221 956 354 1036 incipit:
381 953 431 1019 Do
463 955 599 1020 obscuris
631 957 827 1020 naturalium
858 979 964 1022 rerum
995 981 1053 1044 pue
1085 960 1291 1040 omnipotente
1322 959 1378 1022 deo

221 1062 346 1142 artifwe
368 1063 519 1126 sortiariis
542 1083 603 1127 rroa
628 1063 819 1144 affirmando
840 1065 897 1128 secl
919 1067 1074 1145 paeremlo
1098 1066 1299 1130 tractandam
1321 1068 1377 1128 est.

220 1168 387 1250 inscriptio
402 1170 472 1254 ipsa
485 1169 540 1236 fol.
557 1171 599 1234 24
613 1173 750 1252 prostat:
776 1169 895 1252 Iisapit
910 1171 986 1235 liber
1001 1172 1039 1235 de
1057 1171 1172 1236 Gerasi
1185 1171 1229 1234 acl
1243 1171 1378 1234 litteram

219 1261 306 1356 iprlm
321 1324 329 1339 .
345 1276 396 1342 hic
420 1277 516 1341 codex
554 1278 592 1340 ab
632 1295 694 1341 uuo
730 1276 858 1341 librario
887 1277 1051 1342 confectus
1076 1277 1201 1342 duobus
1224 1277 1377 1342 uitiorum

219 1383 394 1466 generibus
421 1382 558 1468 insignis
593 1387 643 1450 est
676 1387 709 1448 et
732 1403 841 1448 eorum
864 1403 964 1449 riuum
988 1386 1021 1449 in
1044 1384 1234 1468 repetitione
1258 1387 1290 1447 et
1313 1384 1376 1448 sin-

220 1490 373 1574 gulorum
393 1489 622 1554 uocabulorum
643 1493 675 1552 et
692 1489 841 1553 breuium
861 1490 1090 1554 sententiarum
1110 1493 1271 1554 uersatur:
1292 1489 1377 1571 quod

220 1599 332 1660 tamen
351 1595 550 1660 retractantis
571 1597 682 1662 oculos
706 1615 767 1660 nou
791 1595 886 1680 fugit.
910 1615 983 1661 uam
1002 1615 1101 1662 uoces
1119 1596 1273 1680 repetitae
1292 1595 1377 1659 linea

217 1701 378 1784 perducta
391 1700 543 1766 delendae
562 1701 774 1785 assignantur.
793 1702 847 1766 aiii
862 1705 1084 1768 correctoriae
1099 1703 1131 1767 id
1152 1703 1280 1786 quidem
1296 1703 1375 1767 satis

218 1809 295 1886 fuit,
321 1807 377 1872 sed
409 1808 482 1872 illas
511 1827 607 1873 uoces
636 1808 698 1872 iam
728 1807 851 1872 deletas
878 1809 1006 1892 punctis
1033 1809 1209 1893 suppositis
1233 1808 1374 1874 extinxit.

218 1917 360 1980 alterum
383 1914 537 1979 uitiorum
560 1933 659 1998 genus
674 1913 771 1979 latius
785 1918 899 1996 pateus
916 1915 963 1980 ita
978 1918 1082 1980 ortum
1099 1918 1157 1993 est,
1173 1918 1212 1979 ut
1224 1913 1374 1998 proximis

216 2020 389 2086 uocabulis
422 2021 569 2086 similiter
605 2020 827 2085 desinentibus
860 2022 965 2086 scriba
996 2022 1027 2086 iu
1062 2040 1197 2086 errorem
1221 2021 1375 2085 inductus

217 2129 366 2212 singulas
390 2147 497 2204 uoces,
517 2127 644 2210 saepius
669 2131 776 2192 autem
800 2131 870 2192 tota
898 2129 1062 2193 enuntiata
1080 2129 1250 2194 omitteret.
1271 2128 1375 2192 ortho-

217 2235 356 2319 graphia
379 2253 459 2316 quae
484 2233 602 2299 dicitur
627 2253 702 2298 suec
727 2234 842 2298 aetatis
866 2235 1047 2300 charactera
1069 2255 1143 2318 prae
1168 2255 1203 2300 se
1226 2237 1297 2300 fert.

267 2341 373 2408 Codex
396 2341 560 2406 Parisinus
584 2361 614 2406 u.
639 2342 704 2406 350
729 2341 807 2426 (397
833 2341 868 2406 T.
892 2341 930 2426 L)
958 2345 1086 2407 notatus
1115 2343 1169 2425 qui
1196 2343 1229 2406 in
1256 2341 1369 2406 biblio·
1397 2333 1422 2396 L

215 2451 315 2515 theca
338 2448 377 2515 de
400 2449 557 2515 l'Arsenal
590 2451 774 2514 asseruatur
804 2449 937 2514 membr.
971 2449 1105 2517 miscell.
1129 2447 1231 2515 forms
1253 2466 1368 2532 magna

215 2557 272 2624 fol.
298 2556 363 2620 372
387 2556 447 2621 hoo
472 2575 552 2639 opus
575 2554 662 2621 foliis
687 2558 864 2621 atr-265
889 2557 1040 2621 continet.
1064 2556 1171 2621 uerbis
1195 2555 1369 2640 Augustini

214 2664 338 2727 similia
370 2663 524 2746 quaedem
558 2664 603 2727 eis
637 2682 717 2746 quae
751 2663 849 2729 codex
879 2664 915 2727 M
941 2663 1037 2727 habet
1063 2662 1277 2745 praecedunt.
1294 2664 1370 2725 sunt

213 2772 326 2835 autem
344 2771 437 2834 haec:
452 2770 651 2851 Aapastiaas
669 2770 704 2833 ia
717 2771 825 2850 priano
843 2770 920 2833 lilro
938 2771 1193 2834 retractationum
1212 2757 1303 2849 rapio
1316 2772 1354 2828 17
1358 2776 1369 2799 ⁰

211 2896 289 2939 cara
311 2876 348 2939 de
367 2876 472 2959 penest
499 2874 577 2940 daos
604 2874 699 2939 libros
725 2879 834 2939 contra
857 2874 1041 2940 Manicheos
1068 2874 1274 2940 eorrdidissem
1300 2894 1367 2958 epp.

211 2982 368 3046 waracco
390 2980 496 3045 atilli
523 2984 566 3046 12
593 2982 666 3045 lilri
692 2982 835 3065 lepaatar
861 3002 938 3063 quos
965 2982 1051 3065 lonpe
1073 2986 1184 3063 postea
1211 2983 1370 3063 episcopas

209 3089 277 3169 feci
309 3092 339 3151 et
370 3108 407 3152 ea
438 3088 519 3169 ipsis
553 3088 590 3151 ele
622 3089 682 3152 isto
713 3088 871 3153 iaolieetar
887 3142 892 3153 .
909 3089 959 3152 iric
986 3089 1062 3152 liter
1088 3090 1135 3153 sic
1160 3089 1287 3169 incipit:
1319 3086 1370 3151 De

210 3194 356 3260 obsaoa’s
378 3194 573 3259 aataraliam
594 3216 701 3259 rerum
723 3216 781 3279 prce
803 3196 1005 3276 omnipotenti
1027 3196 1157 3276 artifice.
1191 3198 1266 3279 post
1288 3214 1369 3277 quae

212 3302 318 3368 uerba
349 3302 427 3367 haec
458 3302 623 3386 inscriptio
657 3302 766 3367 addita
793 3308 856 3368 est:
890 3304 967 3367 liter
988 3302 1114 3367 Aurelii
1135 3302 1310 3385 Asperstiai
1332 3302 1370 3364 de

217 3408 338 3475 Genesi
369 3409 412 3472 ad
443 3408 578 3473 litteram
610 3412 777 3491 yponensis
809 3396 865 3491 epi
890 3412 1087 3491 importatas
1113 3408 1226 3488 incipit
1240 3457 1247 3471 .
1263 3411 1368 3471 toturn

213 3514 362 3581 codicem
404 3536 485 3581 unus
526 3515 675 3581 librarius
716 3516 935 3600 transscripsit
980 3520 1013 3580 et
1054 3514 1250 3588 emendarit
1296 3533 1369 3577 nam

213 3622 302 3687 alius
325 3642 437 3687 manus
461 3622 657 3687 correctricis
682 3623 857 3708 uestigium
881 3623 1097 3706 deprehendas
1121 3623 1256 3686 nullum.
1286 3620 1369 3683 unde

213 3729 369 3813 colligere
402 3748 463 3793 non
495 3728 573 3793 lieet
603 3728 719 3793 librum
752 3730 938 3804 mendorum
977 3750 1047 3794 esse
1085 3731 1257 3811 expertem
1295 3745 1369 3791 nam

212 3835 339 3917 duplici
376 3837 624 3918 corruptelarum
671 3855 784 3919 genere
825 3837 909 3918 quod
946 3836 1065 3902 codicis
1093 3834 1263 3900 Mazarinei
1299 3852 1369 3915 pro-

210 3942 322 4026 prium
355 3960 425 4007 esse
458 3960 554 4025 supra
585 3944 797 4006 memoratum
829 3946 888 4022 est,
913 3944 934 4010 i.
960 3964 987 4009 e.
1011 3943 1201 4026 repetitione
1230 3941 1369 4005 rrocabu-

212 4050 323 4114 lorum
360 4052 392 4112 et
428 4048 661 4113 enuntiatorum
704 4068 876 4133 eorumque
917 4051 1090 4117 omissione
1135 4049 1229 4113 illum
1274 4049 1369 4131 longe

212 4158 356 4239 superet.
396 4174 474 4238 quae
508 4156 570 4219 alia
601 4161 779 4221 memoratu
811 4157 908 4241 digna
942 4158 1025 4223 iiber
1059 4157 1178 4221 habent
1210 4154 1369 4239 cognituri

212 4262 356 4346 catalogi
389 4262 443 4327 des
476 4263 667 4327 manuscrits
701 4262 740 4327 de
773 4264 804 4326 la
827 4264 1053 4345 Bibliotheque
1087 4261 1125 4327 de
1148 4262 1303 4326 l’Arsenai
1329 4259 1368 4323 ab

214 4370 260 4434 Η.
286 4368 402 4432 Martia
426 4368 555 4433 Parisiis
582 4372 666 4433 1885
692 4370 829 4436 confecti
852 4374 876 4437 t.
900 4370 916 4433 l
940 4369 1064 4434 adeant.

275 4508 377 4549 xxviii.
393 4508 449 4557 Aug.
465 4514 519 4549 sect.
534 4510 569 4549 ΙΙΙ
583 4520 634 4559 pers
650 4513 668 4551 1.
1261 4490 1278 4541 b
