3159 4950
389 489 429 542 de
458 487 602 543 Genesi
631 489 675 542 ad
702 490 886 544 litteram
915 490 982 545 iib.
1010 491 1033 544 1.
1246 494 1285 558 17

134 681 202 746 dies
227 683 325 747 etiam
348 687 463 750 uocata
485 686 576 749 erat?
610 703 648 749 an
681 684 737 750 illa
768 686 855 768 prior
881 685 1025 770 regiones
1059 686 1235 769 superiores
1269 705 1286 750 a

134 796 218 854 terra
239 790 431 875 longinquas
453 792 653 870 inlustrabat,
677 794 715 856 ut
738 793 848 856 sentiri
880 812 941 858 non
973 796 1084 877 posset
1115 794 1147 857 in
1183 792 1285 869 terris,

134 901 230 978 atque
253 897 300 962 ita
327 900 492 980 oportebat
524 901 626 964 solem
660 897 739 978 fieri,
772 918 829 980 per
860 918 955 982 quem
987 899 1055 965 dies
1086 899 1285 965 inferioribus

134 1003 247 1067 nrundi
268 1005 412 1087 partibus
437 1005 620 1087 adpareret?
644 1007 752 1089 potest
775 1008 809 1070 et
830 1006 891 1072 hoc
910 1005 973 1071 diei
991 1009 1122 1070 auctum
1137 1025 1207 1071 esse
1226 1006 1286 1070 iul·

107 1128 244 1194 egerem
270 1109 332 1175 diei
356 1111 423 1178 sole
446 1111 565 1188 addito,
590 1115 627 1176 ut
658 1131 714 1196 per
745 1112 834 1177 illam
869 1113 976 1176 lucem
1012 1113 1119 1178 minus
1156 1112 1283 1196 fulgens

134 1217 213 1294 dice,
239 1237 439 1299 quamnunc
464 1219 647 1298 subfuisse
672 1217 827 1284 credatur.
875 1219 971 1283 etiam
1004 1220 1065 1285 hoc
1101 1219 1284 1302 aquodam

133 1322 258 1389 dictum
281 1323 347 1391 scio
370 1325 508 1408 primunr
531 1329 675 1390 naturam
699 1325 781 1391 lueis
805 1325 968 1390 inductam
990 1325 1023 1389 in
1048 1345 1140 1408 opere
1164 1329 1284 1392 creato·

132 1431 184 1508 rie,
213 1431 429 1496 tamdictum
454 1435 517 1497 est:
555 1432 627 1497 fiat
662 1434 735 1499 lur.
775 1436 812 1498 et
847 1433 954 1497 facta
991 1435 1050 1497 est
1076 1434 1149 1512 lur,
1172 1437 1284 1514 postea

133 1557 208 1602 uero
232 1575 277 1583 —
300 1537 384 1620 quod
407 1538 445 1602 de
467 1539 676 1604 luminaribus
701 1539 818 1605 dicitur
853 1577 896 1586 —
929 1537 1006 1621 quid
1038 1557 1074 1603 ex
1105 1539 1175 1622 ipsa
1210 1540 1283 1604 luce

94 1642 254 1708 uinctum
278 1643 321 1708 sit
344 1643 443 1708 fuisse
467 1648 748 1711 commemoratum
781 1645 890 1713 ordine
914 1645 1046 1722 diemm,
1079 1665 1141 1728 qno
1175 1645 1281 1710 uisum

134 1752 182 1812 est
205 1750 339 1814 creatori
358 1753 473 1816 cuncta
491 1771 561 1817 esse
579 1751 737 1818 iacienda:
762 1771 844 1837 quae
862 1753 975 1816 natura
993 1751 1075 1817 lucis
1096 1770 1157 1834 quo
1177 1753 1280 1815 trans-

133 1855 204 1919 ierit
226 1856 310 1921 facta
332 1875 475 1941 uespera,
499 1861 537 1922 ut
559 1859 702 1924 uicissim
722 1878 782 1923 nox
805 1861 1017 1941 perageretur,
1041 1858 1178 1924 necille
1203 1857 1282 1922 dixit

133 1981 188 2026 nec
211 1961 304 2027 facile
326 1963 462 2029 inueniri
484 1983 579 2047 posse
603 1965 744 2030 arbitror.
783 1983 886 2048 neque
910 1965 993 2029 enim
1018 1965 1187 2029 extinctam
1211 1983 1281 2029 csse

135 2067 322 2134 credendum
346 2073 405 2148 est,
429 2074 466 2135 ut
493 2075 665 2136 nocturnae
692 2072 840 2137 tenebrae
870 2071 1085 2149 succederent,
1117 2074 1150 2135 et
1171 2089 1282 2135 rursus

95 2195 117 2233 a
134 2191 306 2255 accensam,
325 2180 362 2240 ut
379 2195 470 2241 mane
494 2178 593 2254 fieret,
618 2181 786 2260 autequam
805 2179 866 2242 boc
885 2177 963 2243 solis
983 2177 1087 2244 officio
1107 2179 1279 2261 gereretur,

134 2280 216 2361 quod
239 2285 391 2364 aquario
415 2283 465 2348 die
489 2284 632 2367 coepisse
655 2285 723 2349 deri
746 2285 857 2349 eadem
876 2285 1032 2368 scriptura
1055 2286 1202 2349 testatur.

178 2389 229 2450 12.
255 2385 346 2466 Quod
369 2392 539 2474 antequam
560 2391 660 2470 fieret,
694 2410 755 2475 quo
780 2391 915 2456 circuitu
948 2391 1010 2456 sibi
1032 2389 1194 2474 potuerint
1215 2392 1281 2455 tres

135 2492 199 2559 dies
223 2498 395 2581 noctesque
425 2498 594 2564 succedere
620 2500 715 2578 lucis,
740 2518 821 2581 quae
843 2499 945 2582 primo
968 2498 1053 2562 iacta
1076 2500 1136 2576 est,
1160 2516 1280 2579 perma-

136 2604 224 2666 nente
247 2605 369 2681 natura,
395 2604 423 2668 si
444 2606 499 2669 lux
523 2606 694 2690 corporalis
717 2608 795 2671 tunc
818 2606 903 2670 iacta
925 2603 1141 2687 intellegenda
1164 2606 1223 2682 est,
1249 2607 1280 2667 et

95 2728 119 2765 eo
136 2708 271 2775 inuenire
296 2714 329 2775 et
353 2712 506 2795 explicare
531 2712 659 2779 difficile
684 2716 742 2778 est.
789 2712 852 2777 nisi
874 2712 954 2777 forte
978 2713 1095 2778 molem
1123 2712 1279 2775 terrenam

137 2818 167 2878 et
189 2834 348 2899 aquosam,
372 2822 541 2901 antequam
565 2825 649 2885 esset
674 2820 711 2884 ab
732 2820 884 2885 alterutro
903 2824 1075 2901 utrumqne
1095 2818 1278 2896 discretum,

137 2923 216 3004 quod
237 2926 331 2990 tertio
369 2925 419 2989 die
455 2925 575 2990 facturn
613 2926 770 3004 scribitur,
799 2927 945 2991 tenebras
978 2924 1073 2990 deum
1100 2925 1279 3008 appellasse

137 3030 203 3110 quis
226 3030 336 3096 dixerit
358 3035 485 3115 propter
508 3032 693 3099 crassiorem
722 3033 966 3117 corpulentiam,
992 3050 1086 3114 quam
1108 3033 1163 3095 lux
1185 3050 1278 3114 pene·

136 3139 212 3201 trare
233 3157 295 3203 non
318 3140 452 3220 potarat,
475 3139 529 3202 uel
550 3142 677 3222 propter
704 3138 964 3204 obscurissimam
996 3137 1142 3201 umbram
1170 3138 1278 3200 tantae

96 3258 119 3297 ἢ
137 3244 234 3323 molit,
257 3262 352 3328 quarn
375 3262 504 3309 necesse
528 3248 587 3320 est,
611 3249 649 3310 nt
671 3264 707 3310 ex
731 3246 830 3310 altera
847 3248 936 3327 parte
959 3244 1075 3308 babeat
1098 3262 1223 3324 corpus,
1249 3244 1277 3308 si

139 3368 171 3413 er
200 3350 259 3416 alia
290 3354 379 3435 parte
411 3350 465 3414 lur
501 3351 607 3417 fuerit.
646 3353 684 3416 ad
722 3371 816 3435 quern
849 3352 957 3415 locum
989 3350 1072 3414 emm
1106 3348 1278 3414 cuiuslibet

139 3458 266 3540 corporis
291 3459 393 3523 moles
415 3458 521 3523 lucem
543 3459 706 3542 peruenire
730 3478 790 3523 non
820 3458 906 3534 sinit,
938 3458 970 3521 in
999 3476 1035 3522 eo
1069 3456 1140 3521 loco
1164 3457 1277 3521 umbra

218 3596 402 3659 8Gen.1,3

172 3686 183 3736 1
203 3689 267 3757 erat]
288 3692 330 3741 est
349 3686 454 3742 R¹I>oa
524 3688 587 3742 illas
601 3693 627 3755 (e
646 3692 728 3757 eras.)
744 3688 773 3741 Ε
826 3687 842 3739 2
860 3686 1025 3756 longinquas
1045 3684 1104 3754 (att.
1123 3701 1142 3737 n
1160 3700 1182 3738 a.
1203 3684 1221 3738 I.
1240 3701 1275 3738 or.

142 3772 207 3835 liE
291 3778 393 3830 sentire
411 3776 466 3831 PR
538 3776 667 3847 possita
738 3773 861 3844 3adque
880 3773 919 3827 E¹
992 3771 1132 3842 taddito]
1162 3771 1278 3826 editoS

140 3860 251 3933 Squod]
277 3882 336 3919 cum
360 3863 465 3920 P1t¹od
537 3866 604 3933 erl&
626 3865 654 3920 R
746 3866 779 3919 10
804 3862 1065 3917 commemoraturs
1137 3859 1230 3915 ordIne
1249 3862 1277 3914 P

141 3949 249 4005 ordinem
266 3953 294 4008 It
354 3953 389 4007 12
405 3953 453 4007 illc
474 3956 499 4019 (e
518 3968 540 4007 a.
561 3955 578 4007 i.
597 3971 632 4007 m.
651 3954 679 4021 2)
698 3954 727 4009 R
786 3954 821 4007 13
839 3950 1004 4006 inuenireS
1062 3951 1272 4018 14nocturnac]

141 4040 323 4096 nocturnattS
413 4042 447 4096 15
470 4044 614 4111 antequam
640 4042 686 4113 (qu
709 4059 744 4097 ru.
768 4043 785 4096 2
807 4043 840 4095 in
861 4044 929 4108 raa.)
949 4042 979 4095 E
1067 4039 1101 4092 16
1120 4038 1223 4106 cepisse
1242 4038 1275 4092 8¹

143 4126 260 4183 scribtura
271 4130 328 4185 ΕΡ
378 4130 490 4201 laquo]
507 4130 615 4199 quodS
685 4132 829 4185 circuitui)
886 4128 1021 4199 18q;R¹
1075 4128 1108 4181 21
1130 4130 1274 4196 antequam

142 4214 167 4265 in
182 4234 273 4285 mam
290 4221 302 4273 1
318 4219 347 4274 R
420 4219 549 4273 aiterotro
564 4219 596 4273 8¹
651 4220 685 4274 23
705 4220 808 4274 dixerat
820 4219 859 4273 Ε1
931 4220 1071 4288 propter„
1089 4217 1133 4287 (ea
1150 4216 1231 4280 arua)
1246 4216 1276 4269 Ε

143 4302 172 4354 id
188 4304 246 4375 alia]
266 4308 357 4377 aliqua
375 4307 424 4362 Ita
493 4306 566 4362 fierit
582 4306 620 4361 P¹
639 4308 715 4362 fieret
733 4308 789 4364 R¹o
867 4308 901 4361 27
919 4306 998 4361 molis
1017 4305 1071 4360 PR
1143 4304 1220 4371 sinit}
1236 4303 1272 4355 eit

141 4394 162 4456 (s
177 4408 239 4447 orca
257 4402 282 4449 et
298 4396 330 4449 iu
348 4412 398 4466 mg.
418 4396 460 4449 sin
479 4394 556 4465 add.)
574 4396 602 4450 P

189 4518 285 4561 xxvffl.
300 4520 359 4572 Aug.
374 4524 428 4561 sect.
443 4520 477 4560 III
489 4530 541 4571 pars
558 4524 577 4561 1.
1170 4497 1186 4549 2
