3159 4950
224 444 266 506 88
572 439 600 493 S.
627 438 1011 508 Aurelildugustini

269 637 322 699 21.
348 624 515 713 Quomodo
539 636 646 697 autem
665 633 843 698 inmortalis
862 631 967 698 factus
986 633 1030 698 sit
1047 633 1142 699 homo
1163 637 1195 700 et
1213 636 1371 719 acceperit

223 741 263 806 ad
281 760 387 806 escam
406 760 480 806 curu
498 740 570 804 aliis
592 740 784 805 animalibus
804 739 933 804 barbam
956 739 1066 822 pabuli
1089 739 1241 806 ferentem
1261 761 1370 806 semen

224 851 256 913 et
277 848 402 933 lignum
423 847 623 914 fructifemm
646 849 678 912 et
701 846 832 912 herbam
859 846 1004 924 uiridem,
1030 846 1158 913 ouficue
1182 850 1232 914 est
1256 847 1369 914 dicere.

223 953 250 1018 si
275 954 358 1018 enim
380 956 513 1036 peccato
540 953 685 1018 mortalis
713 951 845 1018 effectus
875 955 934 1030 est,
963 952 1074 1035 utique
1102 956 1175 1020 anto
1202 957 1370 1036 peccatum

222 1078 284 1126 non
307 1060 473 1145 indigebat
494 1059 615 1124 talibus
639 1059 730 1124 cibis.
766 1058 981 1141 nequeenim
1009 1063 1120 1143 posset
1148 1077 1261 1142 corpus
1289 1060 1371 1126 illud
1404 1083 1417 1122 s

222 1165 504 1250 fame‘corrumpi.
539 1184 614 1230 nam
641 1164 734 1243 illud,
768 1163 853 1248 quod
886 1164 1006 1230 dictum
1040 1168 1108 1231 ost:
1142 1167 1306 1232 crescite
1334 1174 1371 1232 et

222 1272 540 1356 multiplicamini
570 1277 608 1337 ct
638 1272 785 1355 inplete
817 1275 969 1350 terram,
1004 1292 1197 1356 quamquam
1224 1273 1287 1340 uisi
1315 1294 1372 1358 per

224 1381 428 1445 concubitum
450 1379 548 1445 maris
573 1381 606 1444 et
623 1379 758 1444 feminae
776 1377 844 1444 fieri
863 1398 924 1444 non
944 1397 1039 1463 posse
1057 1379 1206 1444 uideatur
1224 1417 1267 1428 -
1286 1381 1370 1446 uude

222 1487 296 1552 hinc
323 1505 450 1569 quoque
477 1485 660 1550 mortalium
690 1503 864 1568 corporum,
885 1485 995 1550 existit
1020 1485 1174 1552 indicium
1198 1524 1240 1534 —
1263 1490 1371 1571 potest

222 1597 328 1658 tamen
352 1593 417 1658 dici
440 1592 538 1657 alium
561 1591 692 1657 modum
716 1611 787 1657 esse
810 1592 955 1675 potuisse
982 1592 1016 1657 iu
1044 1594 1228 1676 corporibus
1255 1594 1371 1659 inmor·
1387 1623 1413 1679 ro

222 1698 351 1776 talibus,
379 1700 418 1763 ut
444 1698 513 1763 solo
546 1697 676 1780 pietatis
709 1697 837 1763 adiectu
870 1698 958 1763 nulla
985 1698 1199 1780 corruptionis
1224 1699 1371 1785 concupi·

223 1804 344 1870 scentia
376 1804 435 1869 filii
466 1806 685 1880 nascerentur,
718 1822 775 1870 noc
808 1805 942 1870 mortuis
975 1805 1158 1889 parentibus
1192 1805 1371 1871 successuri

222 1928 282 1975 neo
304 1911 367 1993 ipsi
389 1909 545 1989 morituri,
570 1909 670 1976 donec
698 1913 781 1976 tarra
808 1911 1031 1976 inmortalibus
1059 1912 1242 1978 hominibus
1270 1912 1370 1994 inple·

212 2021 320 2093 retur,
349 2035 386 2081 ac
414 2017 461 2082 sio
488 2017 639 2083 instituto
666 2017 754 2083 iusto
782 2019 815 2082 et
842 2020 952 2083 sancto
980 2019 1110 2102 populo,
1144 2021 1270 2102 qualem
1296 2022 1372 2102 post

223 2124 487 2190 resurrectionem
501 2125 645 2189 futurum
665 2123 833 2204 credimus,
848 2124 999 2190 nascendi
1018 2124 1115 2190 etiam
1133 2125 1246 2191 modus
1265 2125 1369 2190 fieret:
1387 2153 1414 2192 rs

223 2232 334 2311 potest
355 2229 484 2314 quidem
508 2230 572 2296 dici
595 2233 650 2309 et‚'
662 2230 819 2314 quomodo
845 2231 977 2310 dicacur,
997 2231 1059 2297 alia
1077 2231 1285 2298 consideratio
1305 2235 1369 2308 est3

225 2337 368 2403 sednon
393 2338 490 2403 etiam
512 2337 573 2403 boo
597 2337 768 2421 quiequam
792 2337 896 2403 dicere
919 2337 1050 2404 audebit
1068 2338 1210 2404 ciborum
1228 2337 1370 2422 indigen·

222 2444 312 2520 tiam,
337 2443 454 2527 quibus
472 2444 664 2524 reficiantur,
684 2443 746 2510 nisi
764 2444 952 2510 mortalibus
973 2444 1157 2529 corporibus
1177 2463 1246 2513 esse
1265 2462 1369 2531 posse.

268 2553 321 2616 22.
339 2551 493 2618 Nonnulli
507 2554 613 2616 autem
629 2552 726 2617 etiam
741 2552 803 2618 boc
820 2552 974 2635 suspicati
994 2556 1071 2617 sunt
1093 2554 1169 2618 tunc
1188 2553 1369 2619 interiorem

223 2658 385 2723 hominem
407 2658 539 2735 factum,
560 2676 675 2741 corpus
694 2662 803 2726 autem
822 2658 959 2723 hominis
978 2662 1099 2742 postea,
1120 2678 1191 2725 cum
1211 2660 1257 2723 ait
1274 2658 1370 2741 scrip·
1386 2684 1417 2726 ao

224 2768 311 2828 tura:
336 2775 373 2829 et
400 2765 514 2830 fiuxit
541 2765 632 2830 deus
661 2765 851 2830 hominem
880 2765 1034 2831 delimo
1058 2767 1261 2845 terreant,
1286 2765 1370 2848 quod

224 2870 345 2936 dictum
365 2874 433 2936 est:
458 2861 564 2948 iacit,
584 2871 624 2936 ad
642 2870 790 2954 spiritum
810 2873 974 2955 pertineat,
995 2871 1080 2953 quod
1098 2875 1224 2937 autem:
1248 2872 1369 2950 linxit,

223 2978 263 3042 ad
296 2996 421 3061 corpus„
453 2996 511 3043 nec
544 2977 754 3043 adtenderent
785 2979 965 3043 masculum
995 2981 1027 3043 et
1062 2978 1213 3043 feminam
1245 2976 1371 3043 nonnisi

224 3083 399 3149 secundum
424 3102 538 3166 corpus
562 3082 630 3147 fieri
648 3084 805 3166 potuisse.
829 3084 906 3149 licet
928 3084 1012 3149 enim
1037 3084 1248 3151 subtilissime
1272 3083 1371 3149 disse-

222 3193 311 3255 ratur
332 3190 435 3273 ipsam
458 3193 598 3255 mentem
621 3190 770 3268 bominis,
795 3190 826 3255 iu
851 3210 913 3273 qua
935 3191 1040 3257 factus
1064 3194 1115 3257 est
1136 3191 1174 3256 ad
1198 3190 1371 3276 imaginem
1389 3218 1416 3259 as

223 3296 283 3371 dei,
308 3295 467 3381 quandam
491 3295 616 3361 scilicet
637 3296 826 3362 rationalem
849 3297 960 3377 uitam,
989 3297 1138 3363 distribui
1164 3298 1197 3363 in
1226 3300 1370 3363 aeternae

223 3404 500 3487 contemplationis
527 3404 697 3469 ueritatem
726 3403 817 3468 etin
846 3424 953 3469 rerum
980 3406 1205 3488 temporalium
1238 3404 1370 3470 admini-

242 3548 273 3615 '1
293 3560 374 3614 bomo
393 3560 546 3614 inmortalis
565 3560 652 3615 iactus
672 3561 709 3615 sit
730 3560 842 3617 PRde
896 3576 957 3615 cum
976 3564 1004 3614 et
1020 3560 1075 3618 iac.
1095 3577 1154 3631 cap.
1174 3561 1267 3616 XXE
1300 3560 1370 3616 aaa

222 3665 274 3705 ono.
294 3648 398 3704 Paua
488 3648 578 3703 erbam
598 3648 631 3704 8¹
695 3649 815 3721 *panuli
834 3649 873 3704 Ει
937 3648 1108 3705 derbamS
1165 3652 1315 3721 dpeccata
1331 3648 1370 3704 Ρι

222 3737 326 3792 beluis
344 3736 384 3792 Ει
455 3737 587 3808 possitS
656 3738 726 3793 illud
744 3739 871 3809 corpusb
926 3738 1036 3809 thina]
1054 3738 1148 3817 huicb
1221 3739 1314 3793 extitit
1327 3738 1370 3792 Po

223 3826 321 3880 existet
339 3824 363 3880 S
379 3826 485 3881 exstitit
503 3825 563 3881 Ru
619 3827 652 3881 10
670 3826 751 3881 modo
769 3827 811 3883 12¹
866 3828 896 3881 11
917 3828 1042 3898 pietatis]
1063 3828 1108 3898 pie
1127 3827 1250 3882 caritatis
1264 3826 1293 3881 P
1309 3828 1370 3897 piae

224 3914 345 3968 caritatis
358 3914 447 3969 SRbd
500 3916 534 3969 12
553 3916 711 3990 successuri.
725 3914 784 3970 Nec
797 3915 850 3985 ipsi
863 3916 961 3984 (ΜΗ)
1017 3918 1050 3971 13
1066 3916 1184 3972 dondsR
1240 3916 1274 3971 14
1286 3915 1370 3983 iusto]

222 3990 277 4057 isto
294 4002 411 4058 iustoS
498 4004 533 4057 17
552 4004 672 4057 ciuorum
690 4003 731 4059 Ει
817 4004 850 4059 18
868 4004 1060 4060 reficiebantur
1077 4005 1120 4059 Pb
1139 4002 1372 4061 reficiebanturO

226 4089 494 4159 corporibnsom.E¹
543 4095 610 4159 post
623 4106 702 4161 posse
717 4090 782 4145 add.
798 4093 977 4146 necessariam
988 4092 1036 4147 SC
1080 4094 1114 4147 19
1125 4108 1195 4146 nuno
1204 4089 1372 4147 E'PR¹de

223 4178 258 4233 28
277 4178 431 4235 adtendunt
440 4178 571 4235 1²8¹de
619 4221 621 4224 .
640 4179 750 4234 nonnisi
762 4181 826 4249 (uon
836 4196 859 4235 a.
870 4182 886 4236 l.
897 4198 931 4236 m.
942 4184 969 4247 2)
980 4182 1010 4237 Ε
1062 4182 1098 4235 24
1116 4180 1312 4235 subtilissimae
1321 4179 1374 4236 RS

223 4266 259 4321 26
277 4266 393 4337 quadam
413 4266 462 4321 SC
531 4266 722 4322 rationabilem
740 4270 771 4323 E
786 4270 916 4323 rationali
935 4270 979 4325 SC
1050 4270 1109 4324 uita
1127 4268 1177 4325 SO
1229 4268 1370 4341 aretin]

223 4356 298 4409 etin
317 4354 452 4426 quandam
472 4357 487 4410 b
561 4355 799 4411 administratione
818 4356 847 4411 E
865 4358 1139 4413 amministrationem
1157 4357 1240 4415 Pac
