3159 4950
459 464 501 518 de
531 464 673 518 Genesi
701 464 744 517 ad
772 464 953 517 litteram
983 462 1046 518 lib.
1068 464 1113 517 l'l.
1295 469 1356 531 175

211 666 247 727 et
283 680 386 725 omue
424 660 685 744 quodcumque
721 660 821 723 illud
859 660 1015 724 uocauit
1043 660 1157 725 Adam
1199 661 1356 724 animam

209 769 345 844 uiuam,
383 768 451 831 hoo
489 785 619 831 nomeu
651 766 772 832 illius.
807 769 843 829 et
875 766 1031 830 uocauit
1055 766 1169 830 Adoro
1207 768 1356 831 nomina

209 876 382 940 omuibus
413 874 616 957 pecoribus
650 879 687 938 et
722 874 893 938 omnibus
926 872 1157 937 uolatilibus
1191 876 1286 938 coeli
1320 879 1356 938 et

208 982 381 1047 omnibus
412 980 551 1044 bestiis
585 981 675 1064 agri.
699 981 799 1045 Adae
834 985 956 1044 utitem
985 998 1055 1045 uon
1086 984 1143 1045 est
1175 982 1354 1047 inuentus

172 1089 360 1154 oudiutor
393 1089 533 1152 similis
566 1088 652 1169 ipsi.
687 1092 723 1153 et
754 1088 890 1153 iuieoit
922 1088 1013 1152 oeus
1047 1089 1185 1153 urentis
1220 1089 1354 1153 alienu-

206 1197 346 1261 tionem
375 1215 486 1279 super
513 1196 637 1269 Adam,
672 1199 708 1259 ot
736 1196 981 1261 obdormiuit:
1017 1198 1052 1259 et
1080 1196 1217 1259 sumsit
1245 1216 1354 1259 uuum

209 1302 251 1365 de
277 1304 396 1367 costis
421 1303 502 1367 eius
527 1308 563 1367 et
587 1303 802 1384 odinpleuit
825 1321 971 1367 caruem
995 1303 1030 1366 io
1055 1304 1178 1367 locum
1203 1304 1293 1367 eius.
1319 1308 1355 1365 et

207 1408 434 1473 aedilioauit
466 1409 636 1474 dominus
671 1408 760 1471 deris
794 1412 947 1483 costum,
988 1428 1095 1490 quam
1136 1408 1275 1473 sumsit
1312 1408 1353 1471 (le

206 1514 332 1589 Aulam,
357 1515 393 1577 in
416 1514 621 1578 mulierem.
642 1514 670 1577 si
690 1532 764 1596 ergo
785 1516 1023 1595 consequenter.
1044 1534 1116 1579 oum
1136 1516 1167 1579 in
1186 1515 1354 1597 pecoribus

163 1623 241 1684 root
263 1620 375 1684 bestiis
404 1620 471 1703 agri
500 1621 532 1683 et
559 1619 744 1683 uolatilibus
773 1620 853 1683 coeli
883 1638 943 1683 uon
969 1622 1055 1684 esset
1078 1620 1243 1683 inuentum
1267 1620 1354 1684 odiu·

208 1728 324 1791 lorium
348 1727 453 1791 simile
476 1726 607 1803 homini,
627 1725 704 1790 lecit
721 1727 750 1788 ei
770 1726 847 1790 deus
868 1726 1059 1790 adiutorium
1084 1727 1187 1791 simile
1208 1728 1245 1791 de
1266 1731 1355 1792 costa

206 1834 315 1898 lateris
339 1834 419 1910 eius,
443 1835 503 1899 hoo
528 1837 635 1898 autem
663 1834 782 1896 sactum
812 1836 871 1909 est,
896 1851 968 1896 curn
993 1834 1118 1897 eosdem
1144 1834 1262 1898 bestias
1288 1836 1354 1917 agri

209 1942 241 2004 et
272 1941 418 2005 uolutilia
450 1940 529 2005 caeli
562 1939 665 2003 adhue
694 1938 731 2002 de
760 1942 843 2003 terra
874 1940 1018 2003 finiisset
1046 1948 1078 2003 et
1105 1941 1144 2003 ad
1176 1941 1268 2005 illum
1302 1942 1353 2005 od-

208 2046 546 2128 durisset:quomodo
585 2049 672 2109 serto
711 2045 760 2108 die
798 2046 917 2109 foetum
958 2047 1017 2110 lioo
1054 2050 1162 2127 potest
1198 2048 1352 2131 intellegi,

160 2171 186 2209 1³1
207 2152 462 2234 quandoquidem
480 2153 536 2217 illo
557 2152 607 2215 die
625 2152 773 2233 produxit
791 2156 874 2215 terra
893 2153 1028 2216 unimam
1049 2154 1158 2217 uiuam
1178 2155 1353 2218 secuudum

207 2262 340 2325 uerbum
378 2262 438 2338 dei,
477 2261 622 2325 uolutilia
658 2281 734 2326 uero
774 2261 885 2343 quinto
920 2261 969 2325 die
1002 2262 1215 2345 produxerunt
1254 2280 1353 2342 oquae

207 2368 354 2431 similiter
386 2367 560 2433 seeundum
593 2368 726 2431 uerbum
760 2368 832 2431 olei?
865 2386 926 2432 noo
960 2369 1151 2450 itaque'liio
1181 2368 1351 2433 diceretur:

207 2478 245 2537 et
266 2474 379 2538 linxit
407 2475 498 2539 deus
527 2475 646 2539 adhuc
675 2475 718 2538 do
747 2478 846 2538 torro
876 2494 1001 2539 omues
1030 2477 1175 2540 bestius
1205 2477 1286 2560 agri
1317 2480 1352 2540 et

207 2581 329 2645 omnia
350 2581 531 2646 notabilia
550 2582 656 2656 coeli,
676 2582 738 2646 nisi
757 2582 830 2664 quia
849 2583 909 2645 iarn
930 2586 1013 2645 terro
1031 2582 1223 2663 produxerat
1242 2601 1351 2646 omues

159 2687 325 2752 2029811211
355 2688 422 2771 agri
450 2693 537 2755 serto
567 2690 617 2753 dio
657 2693 690 2753 et
717 2709 798 2771 aquo
827 2690 931 2754 omnia
960 2691 1104 2754 uolatilio
1133 2690 1212 2754 caeli
1240 2690 1351 2772 quinto

207 2794 266 2858 die.
287 2795 379 2859 aliter
398 2815 472 2879 ergo
491 2799 579 2870 tuno,
599 2797 632 2860 id
652 2799 702 2860 est
719 2797 934 2877 potentialiter
953 2801 1048 2878 atque
1068 2797 1248 2874 curisti-liter,
1268 2797 1352 2860 siout

205 2899 254 2964 illi
281 2903 367 2984 operi
397 2904 595 2984 conpetebat.
624 2923 686 2984 quo
716 2904 836 2966 creauit
864 2904 969 2968 omnia
998 2904 1103 2973 simul.
1134 2923 1152 2966 a
1180 2905 1296 2986 quibus
1320 2905 1351 2966 iu

207 3007 256 3070 die
285 3009 421 3090 septimo
449 3010 618 3090 requieuit,
649 3011 741 3074 aliter
769 3013 876 3074 autem
905 3031 998 3080 nuno,
1024 3013 1109 3076 siout
1133 3029 1169 3075 eu
1193 3011 1350 3081 uidemus,

206 3133 286 3195 quoe
309 3135 365 3198 per
387 3117 575 3198 temporulie
602 3118 705 3198 spatia
733 3119 827 3194 orout,
853 3118 937 3182 sieut
961 3138 1062 3200 usque
1088 3137 1170 3182 nuno
1194 3121 1349 3200 operatur.

157 3247 185 3286 25
205 3239 242 3284 ao
264 3240 320 3303 per
341 3223 402 3286 boo
425 3223 488 3286 iam
512 3243 567 3306 per
589 3224 669 3288 istos
693 3225 878 3288 notissimos
899 3226 980 3301 lucis
1001 3227 1170 3308 corporalis
1196 3225 1272 3290 dies.
1297 3225 1350 3305 qul

205 3327 339 3391 eirouitu
372 3329 449 3394 solis
481 3330 571 3396 fiunt.
605 3332 673 3395 Eua
705 3333 790 3395 faeta
823 3336 872 3396 est
899 3332 937 3396 de
966 3333 1064 3395 latero
1092 3330 1152 3394 uiri
1181 3331 1241 3394 sui.
1275 3332 1350 3391 tuuc

204 3435 287 3498 enim
312 3435 389 3500 deuo
414 3437 517 3502 adhue
540 3438 629 3500 finxit
652 3437 690 3502 de
713 3443 796 3502 terra
820 3440 938 3504 best-ios
959 3443 991 3502 et
1009 3437 1162 3503 uolatilio.
1183 3438 1213 3500 io
1235 3437 1350 3527 ortibus

205 3561 276 3605 oum
306 3542 497 3608 adiutorium
527 3545 632 3608 simile
659 3545 722 3626 ipsi
745 3547 845 3609 Adoro
875 3566 935 3610 nou
971 3547 1056 3610 esset
1089 3545 1265 3619 iuuerit-unu
1294 3543 1350 3606 illu

239 3767 256 3819 2
274 3769 384 3837 nomen]
403 3785 500 3822 nomen
520 3772 562 3821 est
580 3769 646 3822 Poe
665 3771 782 3839 (ester.)
801 3771 829 3824 R
897 3771 912 3824 3
932 3769 1068 3823 uolatibus
1088 3769 1115 3822 P
1179 3771 1196 3820 4
1217 3768 1347 3820 inuentus

204 3857 236 3922 (o.
256 3855 273 3908 1.
292 3874 327 3909 m.
347 3857 363 3909 2
384 3857 413 3910 ol
432 3863 459 3922 ss)
480 3858 510 3911 11
560 3856 638 3910 oilli
659 3857 767 3910 adiutor
781 3857 829 3912 SU
899 3857 1007 3911 adiutor
1027 3863 1058 3924 (s.
1079 3857 1096 3911 l.
1116 3873 1151 3911 m.
1170 3855 1187 3906 2
1207 3855 1234 3908 al
1254 3855 1352 3919 riulE

203 3943 301 3997 similis
320 3951 349 4008 (s.
370 3945 387 3998 1.
406 3963 440 4001 m.
461 3947 477 3996 2
497 3947 526 3999 ol
543 3945 581 4009 le)
596 3947 627 3999 E
694 3946 759 4016 ipsi]
776 3947 819 4000 illi
836 3947 867 3999 io
886 3963 939 3999 ruo
957 3946 1048 4000 Rom.
1062 3945 1110 4000 So
1163 3945 1179 3998 6
1199 3944 1298 3997 sumsit
1311 3944 1349 3996 E¹

203 4031 421 4101 sumpsitRde
473 4033 686 4089 llocoPR¹Cb
740 4035 869 4088 8sumsit
883 4034 922 4087 E¹
937 4036 1054 4104 sumpsit
1066 4033 1154 4088 Rde
1209 4034 1242 4086 11)
1262 4032 1353 4086 celiO

204 4120 236 4174 11
255 4121 413 4176 hominisS
448 4123 482 4176 13
501 4122 657 4177 adduxisset¹
669 4141 720 4177 om.
735 4124 772 4178 P¹
811 4125 843 4177 11
864 4123 1008 4194 quomodo]
1028 4122 1115 4176 adhuc
1135 4122 1268 4191 quomodo
1281 4121 1348 4175 PCb

202 4208 301 4277 (adhue
324 4214 405 4279 erae.)
425 4212 453 4266 R
526 4213 560 4266 15
574 4215 657 4267 ‚terre
680 4213 808 4282 produxit
826 4213 842 4266 b
915 4213 948 4266 20
969 4212 1051 4282 aqua]
1070 4229 1085 4264 a
1105 4229 1157 4282 quo
1177 4212 1303 4282 Sequere
1322 4211 1351 4264 E

202 4298 313 4353 om.1l¹
396 4301 428 4355 21
450 4317 510 4354 euin
531 4301 680 4356 aliterine.
699 4319 759 4371 cap.
778 4303 851 4355 ΥΕ
933 4304 968 4356 22
988 4301 1059 4373 quool
1078 4303 1108 4356 E
1187 4299 1221 4352 25
1241 4315 1271 4354 oc
1290 4301 1348 4368 per]

203 4403 235 4439 ao
252 4403 301 4456 pe»
319 4389 359 4456 (ro
378 4394 460 4458 eros.)
480 4389 508 4445 R
