3159 4950
281 449 327 512 48
637 443 663 496 S.
692 441 832 496 Aureli
860 442 1078 511 Augustini

282 641 409 724 quinat,
434 638 591 721 quomodo
616 639 849 701 firmamentum
876 640 950 702 est?
983 637 1011 701 si
1040 642 1147 703 autern
1176 642 1249 715 stat,
1274 628 1435 721 quora'odo

284 748 398 825 sidera,
425 765 505 828 quae
529 745 562 809 in
585 745 641 809 illo
666 745 726 808 lira
749 744 930 820 ereduntur,
955 745 993 807 ab
1018 745 1139 809 oriente
1162 765 1265 828 usque
1289 746 1328 809 ad
1352 747 1436 811 occi·

282 853 414 917 dentem
437 851 637 916 circumeunt
660 849 933 932 septentrionibus
956 850 1119 914 breuiores
1142 870 1238 934 gyros
1260 852 1348 916 iuxta
1369 871 1436 918 oar-

282 959 391 1023 dinem
419 958 659 1041 peragentibus,
689 959 726 1020 ut
754 958 888 1031 caelum,
917 957 946 1020 si
976 960 1027 1021 est
1054 957 1137 1021 alius
1165 958 1257 1022 nobis
1287 959 1437 1024 occultus

281 1066 379 1131 cardo
411 1085 447 1130 ex
475 1065 536 1130 alio
566 1064 697 1141 uertice,
727 1063 813 1128 siccat
840 1063 983 1146 sphaera,
1013 1063 1042 1128 si
1069 1066 1176 1128 autom
1209 1066 1318 1129 nullus
1351 1067 1436 1130 alius
1471 1085 1485 1122 ⁵

284 1173 379 1236 cardo
413 1173 472 1244 est,
507 1171 598 1236 uelut
631 1170 739 1235 discus
771 1170 869 1234 rotari
900 1169 1059 1234 uideatur.
1102 1171 1218 1253 quibus
1255 1173 1436 1254 respondeo

283 1278 423 1342 multum
456 1276 632 1341 subtilibus
662 1278 694 1340 et
721 1277 891 1342 laboriosis
923 1278 1102 1343 rationibus
1129 1278 1194 1342 ista
1220 1281 1369 1362 perquiri,
1398 1284 1437 1345 ut

284 1387 359 1449 uere
383 1383 586 1466 percipiatur,
611 1385 718 1447 utrum
742 1384 788 1447 ita
811 1403 850 1448 an
873 1384 920 1448 ita
943 1385 1003 1449 sit:
1029 1385 1146 1466 quibus
1169 1386 1318 1451 ineundis
1337 1389 1436 1469 atque

281 1491 458 1557 ‘tractandis
490 1509 550 1554 nec
582 1491 662 1554 milri
693 1491 756 1555 iarn
790 1494 919 1573 tempus
953 1496 1003 1556 est
1034 1511 1092 1557 aec
1123 1492 1190 1556 illis
1228 1512 1300 1558 esse
1328 1494 1435 1561 debet.

284 1618 365 1680 quos
390 1599 429 1662 ad
454 1617 546 1662 suam
571 1599 709 1662 salutern
734 1601 765 1662 et
789 1602 918 1663 sanctae
942 1600 1097 1664 ecclesiae
1117 1600 1329 1664 necessariam
1346 1602 1484 1665 utili-10

283 1707 382 1769 tatem
403 1705 549 1786 cupimus
569 1704 742 1769 informari.
767 1705 829 1769 hoc
854 1725 929 1769 sane
952 1706 1099 1770 ponerint
1121 1725 1179 1770 nec
1197 1726 1313 1771 nornen
1331 1708 1438 1772 firma-

283 1811 384 1875 menti
408 1830 533 1894 cogere,
558 1814 596 1874 ut
615 1813 699 1876 stare
720 1812 842 1876 caelum
861 1816 1013 1894 putemus
1031 1851 1076 1859 -
1094 1813 1331 1877 firmamentum
1349 1815 1437 1878 enim

284 1937 346 1981 non
380 1921 509 2000 propter
541 1919 723 1992 stationem,
757 1918 814 1982 sed
846 1921 975 2001 propter
1007 1919 1189 1984 firmitatem
1223 1923 1279 1984 aut
1306 1923 1439 2003 propter·

283 2024 609 2108 intransgressibilem
629 2025 801 2089 terminum
817 2025 1015 2108 superiorum
1031 2030 1064 2089 et
1077 2027 1262 2091 inferiorum
1279 2045 1438 2110 aquarum

284 2134 436 2195 uocatum
460 2131 646 2215 intellegere
669 2132 747 2196 licet
766 2169 809 2178 —
828 2151 896 2209 nec,
918 2133 946 2196 si
969 2133 1088 2197 ueritas
1112 2134 1235 2197 caelum
1259 2137 1342 2197 stare
1365 2153 1437 2216 per·
1458 2156 1483 2194 aa

282 2238 431 2314 suaserit,
464 2237 602 2319 inpediri
635 2256 692 2302 nos
727 2238 864 2302 circuitu
897 2239 1049 2315 siderum,
1081 2259 1120 2303 ae
1154 2239 1214 2304 hoc
1244 2240 1438 2323 intellegere

284 2343 457 2425 possimne.
493 2349 525 2408 et
549 2345 587 2408 ab
611 2345 692 2427 ipsis
717 2345 844 2428 quippe,
870 2346 924 2426 qui
951 2345 1029 2409 baec
1056 2346 1275 2411 curiosissime
1299 2350 1332 2411 et
1354 2347 1438 2411 otio-

285 2450 413 2515 sissime
437 2451 674 2533 quaesiuerunt,
699 2452 866 2517 inuentum
890 2455 941 2518 est
964 2454 1061 2517 etiam
1086 2454 1172 2519 caelo
1196 2474 1257 2518 non
1280 2456 1380 2531 moto,
1406 2454 1438 2519 si

286 2557 355 2621 sola
387 2558 490 2622 sidera
522 2562 736 2635 mouerentur,
766 2559 834 2623 fieri
866 2561 1011 2641 potuisse
1039 2560 1154 2638 omnia,
1185 2579 1264 2641 qnao
1292 2561 1324 2625 in
1352 2561 1437 2644 ipsis

285 2664 425 2728 siderum
450 2666 711 2730 conuersionibus
737 2667 959 2731 animaduersa
981 2671 1075 2749 atque
1103 2668 1321 2749 conprehensa
1347 2673 1436 2732 sunt..
1457 2690 1483 2729 zo

334 2773 385 2837 11.
415 2772 460 2834 Et
484 2771 580 2835 dixit
603 2772 709 2836 deus:
735 2776 989 2857 congregetur
1017 2793 1124 2855 aqua,
1156 2793 1248 2856 quae
1278 2778 1336 2837 est
1364 2776 1436 2839 sub

287 2878 406 2954 caelo,
440 2878 476 2941 in
510 2879 847 2963 congregationem
881 2900 1003 2955 uuam,
1038 2884 1076 2945 et
1107 2880 1286 2964 adpareat
1318 2882 1436 2945 arida.

285 2986 325 3047 et
352 2984 494 3049 lactum
524 2990 582 3050 est
611 2986 666 3050 sic
691 3034 697 3049 .
725 2990 761 3050 et
790 2990 1232 3070 congregataestaqua,
1258 2992 1438 3069 quaeest
1552 3017 1553 3060 r

287 3092 358 3155 sub
383 3093 499 3168 caelo,
519 3093 555 3155 in
576 3094 912 3177 congregationem
937 3112 1050 3172 suam,
1071 3097 1108 3157 et
1126 3094 1300 3176 adparuit
1318 3095 1436 3162 arida.

288 3201 326 3262 et
358 3200 514 3264 uocauit
552 3199 642 3264 deus
681 3200 822 3263 aridam
859 3205 995 3264 terram
1029 3204 1066 3264 et
1099 3201 1435 3285 congregationem
1458 3226 1483 3262 aa
1552 3181 1553 3196 ¹

357 3408 389 3459 21
411 3406 477 3462 cen.
500 3407 522 3473 1,
542 3408 567 3461 o.
588 3408 621 3460 ro

321 3530 480 3600 2sydereS
539 3530 681 3587 inomP¹
717 3532 1014 3601 3septetrionalibnsb
1078 3532 1185 3601 girosS
1219 3534 1440 3604 dapheraPBS
1552 3611 1553 3614 Ἴ

283 3636 364 3689 spera
382 3620 412 3672 E
427 3636 505 3689 spera
523 3620 539 3673 b
599 3621 615 3672 6
635 3618 714 3672 cardo
734 3623 777 3673 est
795 3620 865 3674 alius
884 3622 908 3674 S
964 3620 980 3674 8
1000 3622 1045 3689 aa]
1064 3637 1097 3673 an
1117 3638 1172 3674 uon
1191 3622 1229 3674 bd
1300 3621 1387 3692 adque
1405 3624 1439 3676 P

286 3708 375 3759 aiam
393 3706 499 3761 mihid
571 3707 603 3761 10
623 3707 739 3761 salutem
758 3725 833 3761 suern
854 3709 943 3763 I’Rbd
1026 3709 1157 3762 aeclesiae
1175 3711 1206 3763 Ε
1277 3712 1311 3764 12
1328 3709 1435 3764 caelum

283 3795 372 3848 orrab
447 3796 480 3849 13
499 3796 665 3865 firmitatem]
688 3796 928 3851 firuramentumS
1000 3798 1032 3851 15
1054 3797 1225 3903 intellpgere.
1243 3799 1322 3853 Licet
1339 3815 1388 3853 nec
1406 3799 1438 3851 P
1552 3779 1553 3822 i

286 3912 386 3964 ueritas
409 3912 437 3981 (u
460 3925 481 3967 a.
507 3912 524 3966 l.
547 3928 581 3965 aa.
608 3912 633 3975 l)
656 3912 686 3963 E
780 3913 813 3965 16
837 3913 959 3982 inpedire
983 3913 1006 3968 S
1027 3913 1149 3983 inpedire
1168 3914 1206 3967 P¹
1278 3915 1435 3969 circuitub

285 4015 335 4053 nec
349 3998 427 4054 SR²b
446 4017 495 4053 ne·
510 4001 594 4070 (cer.)
610 4000 641 4053 E
693 4002 725 4053 17
740 4017 882 4069 possumus
896 4000 978 4057 Pau
1050 4002 1117 4056 haec
1129 4005 1161 4072 (a.
1176 4004 1193 4057 l.
1208 4020 1242 4057 m.
1258 4005 1274 4057 2
1290 4004 1318 4057 al
1329 4003 1390 4069 hoc)
1404 4004 1435 4057 Ε

285 4088 370 4142 lrocb
463 4089 495 4142 18
519 4089 693 4157 quaesierunt
715 4089 807 4144 Pacu
898 4092 930 4144 19
954 4094 1138 4162 mouerentur]
1163 4095 1334 4146 uerterentur
1355 4092 1437 4148 aba

285 4177 321 4231 20
340 4177 539 4247 conpraehensa
556 4176 611 4231 ER
674 4178 706 4230 21
728 4194 797 4247 quae
817 4178 866 4231 sub
886 4179 961 4233 coelo
981 4182 1024 4233 est
1041 4180 1108 4235 Rbd
1166 4182 1201 4235 22
1221 4183 1435 4251 congregatione

286 4264 388 4317 unaE¹
442 4264 540 4318 23sub
556 4263 629 4319 caelo
644 4266 788 4321 estPRbd
841 4268 876 4321 24
895 4270 1106 4339 congregatione
1124 4269 1164 4324 Ε
1217 4272 1305 4340 suam]
1326 4288 1376 4325 sua
1395 4272 1436 4325 Ει

285 4368 367 4406 unani
388 4353 424 4406 bd
478 4354 512 4407 25
532 4355 757 4423 congregationes
776 4357 880 4411 Paua
