3159 4950
229 489 294 550 144
582 481 609 536 S.
638 480 774 534 Aureli
804 479 1020 549 Augustini

271 677 438 756 Quomodo
463 696 547 760 ergo,
572 679 743 758 antequam
767 677 876 740 essent
899 694 994 757 super
1017 677 1131 738 terram
1153 678 1186 740 et
1204 677 1372 759 antequam

225 787 446 850 exorerentur?
475 785 566 867 quasi
595 783 641 848 eis
670 782 756 847 aliud
784 783 882 846 suerit
908 782 976 846 fieri
1005 802 1077 848 curn
1106 783 1192 848 caelo
1222 785 1254 848 et
1281 787 1373 862 terra,

226 892 351 975 quando
374 891 480 956 iactus
505 894 554 956 est
577 891 644 955 dies
668 890 723 954 ille
746 889 920 954 inusitatus
945 894 1039 972 atque
1067 890 1248 973 incognitus
1273 891 1372 962 nobis,

225 1019 321 1081 quem
357 999 495 1081 primurn
533 998 612 1062 deus
649 997 737 1076 fecit,
775 997 863 1061 aliud
900 1001 1007 1062 autem
1041 997 1151 1062 exoriri
1184 997 1247 1060 iarn
1280 1017 1375 1080 super

225 1110 352 1185 terram,
381 1106 467 1189 quod
493 1123 556 1170 non
583 1105 620 1168 fit
647 1105 710 1169 nisi
736 1123 792 1187 per
820 1104 878 1168 hos
908 1103 987 1181 ores,
1011 1123 1090 1187 quos
1121 1105 1272 1169 circuitus
1297 1104 1374 1168 solis
1408 1121 1421 1158 ⁵

224 1214 303 1277 facit
324 1233 381 1298 per
403 1215 585 1295 temporum
607 1229 712 1275 moras
737 1228 796 1275 suo
821 1209 936 1292 cuique
964 1209 1072 1293 generi
1096 1210 1373 1274 adcommodatas?

226 1321 310 1401 quod
343 1319 372 1384 si
404 1319 450 1382 ita
483 1322 534 1383 est
571 1318 703 1401 diesque
736 1317 790 1382 ille
829 1318 964 1382 societas
1002 1321 1095 1400 atque
1128 1317 1235 1382 untias
1268 1336 1373 1400 super-

226 1427 413 1492 caelestium
437 1428 623 1510 angelorum
647 1429 743 1507 atque
766 1423 925 1488 uirtutum
945 1428 1004 1502 est,
1024 1424 1134 1507 procul
1159 1424 1256 1489 dubio
1280 1425 1374 1508 longe

226 1534 319 1597 aliter
349 1536 425 1598 nota
457 1535 507 1597 est
538 1531 658 1616 angelis
692 1535 836 1596 creatura
868 1531 929 1607 dei,
963 1532 1055 1596 aliter
1091 1533 1199 1606 nobie,
1234 1535 1374 1614 excepte,

227 1639 312 1721 quod
336 1659 405 1703 eam
428 1639 459 1702 in
483 1639 580 1703 uerbo
604 1638 654 1702 dei
677 1641 845 1716 nonerunt,
864 1657 921 1722 per
945 1637 1028 1720 qnod
1051 1638 1136 1702 facta
1160 1641 1236 1702 sunt
1259 1638 1421 1716 emutare

227 1746 323 1809 etiam
341 1745 373 1810 in
393 1764 427 1810 se
446 1745 517 1826 ipsa
534 1745 605 1811 dico
624 1747 718 1829 longe
737 1744 830 1809 aliter
854 1745 899 1810 eis
923 1749 1030 1809 notam
1054 1765 1124 1810 esse
1148 1763 1243 1826 quam
1267 1745 1374 1810 nobis:

227 1853 292 1916 illis
316 1852 400 1916 euim
428 1851 681 1934 primordialiter,
705 1853 742 1915 ut
766 1851 810 1914 tta
834 1851 947 1930 dicam,
977 1853 1030 1916 uel
1058 1852 1261 1935 originaliter,
1291 1852 1377 1917 sicut

226 1979 297 2024 earn
321 1959 399 2024 deus
423 1959 570 2042 primitus
595 1959 738 2026 condidit
769 1964 802 2024 et
834 1963 909 2042 post
936 1977 1005 2024 eam
1029 1959 1242 2024 condItionem
1266 1977 1284 2023 a
1309 1959 1375 2024 suis

226 2065 375 2149 operibus
393 2067 553 2149 requieuit
574 2087 636 2132 non
661 2067 823 2132 condendo
848 2065 970 2148 aliquid
990 2066 1137 2148 amplius,
1158 2066 1249 2131 nobis
1269 2069 1375 2131 autem

226 2173 404 2238 secundum
427 2193 530 2238 rerum
554 2176 647 2238 antea
674 2174 872 2238 conditarum
902 2172 1209 2237 administrationem
1232 2172 1294 2236 iam
1319 2191 1375 2255 per
1390 2191 1415 2230 1⁵

227 2278 352 2344 ordines
387 2282 579 2362 temporum,
618 2280 794 2345 secundnm
832 2299 927 2362 quam
965 2278 1043 2343 deus
1081 2279 1144 2343 iam
1181 2279 1246 2344 illis
1279 2279 1374 2344 rebus

226 2385 350 2452 senaria
373 2387 566 2469 perfectione
590 2387 819 2452 consummatis
846 2405 946 2468 usque
970 2385 1063 2451 modo
1089 2391 1245 2470 operatur.

274 2493 450 2559 Causaliter
473 2514 548 2578 ergo
573 2498 650 2559 tunc
673 2494 794 2557 dictum
819 2496 869 2559 est
895 2493 1080 2575 produxisse
1108 2498 1223 2559 terram
1246 2496 1375 2561 herbam

228 2604 260 2665 ot
282 2600 415 2685 lignum,
439 2600 472 2664 id
497 2605 547 2666 est
569 2600 762 2684 producendi
785 2602 947 2683 accepisse
970 2602 1133 2665 uirtutem.
1153 2603 1185 2666 in
1205 2622 1241 2667 ea
1261 2603 1376 2685 quippe

227 2707 291 2771 iam
305 2710 468 2789 tamquam
487 2706 519 2771 in
534 2708 705 2787 radicibus,
720 2710 757 2771 ut
771 2708 817 2771 ita
832 2708 972 2787 dixerim,
988 2711 1166 2792 temporum
1180 2710 1264 2774 faeta
1277 2712 1374 2785 erant,
1392 2722 1420 2761 ²⁰

229 2832 309 2894 quae
331 2832 388 2895 per
409 2816 553 2895 tempora
575 2813 683 2879 futura
706 2817 808 2891 erunt3
838 2835 911 2879 narn
939 2814 1050 2897 utique
1078 2817 1189 2897 postea
1219 2816 1377 2899 plantauit

227 2919 307 2985 deus
334 2919 516 3003 paradisum
544 2921 632 2984 iuxta
660 2920 812 2986 orientem
842 2924 873 2985 et
901 2920 995 2985 eiecit
1021 2921 1065 2985 ibi
1098 2922 1135 2986 de
1169 2924 1251 2987 terra
1284 2942 1376 2988 omne

228 3026 350 3110 lignum
370 3026 551 3109 speciosum
567 3024 606 3090 ad
621 3030 785 3110 aspectum
806 3030 838 3092 et
855 3028 975 3093 bonum
995 3028 1035 3093 ad
1054 3047 1176 3093 escam·
1195 3048 1252 3094 nec
1271 3034 1376 3094 tamen

229 3132 398 3197 dicendum
431 3136 481 3197 est
513 3152 586 3197 eum
617 3136 693 3198 tuno
727 3134 848 3216 aliquid
885 3134 1045 3200 addidisse
1083 3138 1253 3213 creaturae,
1293 3136 1378 3219 quod

229 3241 301 3303 ante
324 3258 386 3303 non
409 3239 538 3317 fecerat,
562 3240 646 3322 quod
671 3241 762 3305 uelut
784 3241 832 3306 illi
857 3241 1050 3324 perfectioni,
1081 3262 1143 3323 quo
1166 3243 1272 3307 omnia
1294 3244 1377 3309 bona
1395 3255 1423 3297 2⁵

319 3464 352 3517 21
374 3463 407 3517 cs.
427 3462 494 3519 Gen.
514 3465 539 3531 2,
559 3465 583 3520 8.
603 3466 619 3519 9

266 3586 374 3641 lesset
392 3588 460 3643 PRb
550 3590 754 3644 2erorirentur
771 3590 913 3646 E²R²de
984 3591 1058 3645 aliud
1078 3590 1116 3645 eis
1135 3590 1250 3646 PRde
1320 3592 1377 3646 fieri

228 3676 260 3727 in
278 3692 334 3729 raa.
349 3676 377 3731 R
395 3676 487 3732 συιδ
537 3679 556 3731 4
573 3678 627 3732 iam
646 3694 698 3732 om.
719 3678 809 3733 PRbd
862 3680 878 3732 6
898 3680 1080 3733 commodatus
1093 3679 1132 3733 1⁴1¹
1151 3680 1339 3733 accumodatas
1352 3680 1380 3734 P

233 3765 248 3817 7
268 3780 329 3817 cum
346 3780 413 3818 uoce
432 3764 504 3833 quod
521 3766 576 3818 inc.
597 3782 658 3834 cap.
673 3764 740 3819 vul
752 3768 784 3821 Ε
835 3766 911 3821 illab
931 3766 977 3821 ille
996 3770 1065 3837 (sup.
1086 3784 1099 3821 e
1119 3768 1185 3821 add.
1204 3768 1378 3835 m.1ius)R

230 3853 262 3905 11
275 3853 313 3907 eis
323 3851 524 3907 notaSnotam
535 3854 574 3907 eis
586 3854 674 3909 PRdd
712 3856 744 3909 12
760 3855 1229 3925 enim]eniminr·as.Retia1nPb
1269 3859 1302 3912 14
1314 3874 1377 3913 con·

229 3940 348 3994 tendob
406 3942 438 3995 15
462 3944 543 3995 antea
565 3942 706 3997 om.P1ib
779 3944 948 3998 conditarum
971 3960 1023 3998 ont.
1046 3945 1084 3998 P¹
1155 3946 1377 4001 amministratio-

229 4044 291 4083 nem
310 4028 364 4084 Pa
424 4030 457 4082 17
476 4030 609 4093 aenariam
627 4032 821 4101 perfectionem
840 4032 870 4086 E
885 4049 933 4103 per
950 4034 1084 4088 senariam
1104 4034 1297 4105 perseotIonem
1315 4036 1379 4089 rud

228 4117 351 4171 senema-
369 4118 550 4189 periectione·
569 4120 596 4174 R
692 4120 808 4185 admodo
832 4123 862 4176 E
954 4123 988 4177 18
1016 4128 1088 4177 terra
1110 4123 1149 4177 E¹
1244 4124 1381 4181 erbamS

230 4206 265 4259 22
285 4205 350 4260 deus
369 4222 420 4260 om.
440 4206 478 4258 Ρι
568 4206 732 4279 paradysum
750 4211 794 4277 E;
815 4227 919 4280 semper
936 4212 1032 4266 uocati
1048 4229 1066 4282 y
1084 4214 1225 4281 seriptum,
1244 4214 1318 4284 quod
1335 4214 1379 4271 iric

229 4293 412 4349 adnotandam
428 4295 501 4348 actia
517 4294 623 4350 habebo
689 4298 724 4351 24
743 4298 849 4369 aliquid
868 4304 932 4354 tunc
951 4300 993 4355 Sd
1058 4300 1094 4354 25
1112 4301 1195 4357 uelud
1213 4301 1246 4358 8¹
1318 4322 1378 4375 por·

229 4382 343 4437 fectioni
362 4382 382 4453 (i
399 4384 449 4450 fia.
468 4399 501 4437 ex
519 4400 533 4437 e
552 4400 587 4438 m.
608 4386 633 4455 1)
653 4386 681 4440 R
