3159 4950
235 478 301 541 386
590 474 617 527 S.
646 472 783 527 Aureli
811 469 1030 543 Augustini

236 674 400 753 tamquam
428 668 615 735 simillimus
641 668 753 733 fallere
781 670 839 731 aut
866 667 906 731 ad
934 666 1167 732 dubitationem
1192 668 1315 751 eogere,
1339 669 1385 739 ut,

237 777 267 842 si
299 795 485 860 corporeum
520 775 644 841 eaelum
676 794 738 840 non
772 773 931 857 corporeis
965 773 1068 838 oeulis
1104 772 1197 850 uidit,
1229 774 1388 837 insertum

237 883 299 948 sibi
322 901 392 948 esse
416 882 545 960 ditaret,
569 885 677 945 utrum
699 880 732 945 in
757 899 888 963 corpore
913 898 950 944 an
971 883 1057 945 extra
1075 898 1190 962 eorpus
1209 880 1242 943 id
1260 878 1386 943 uiderit.

281 991 395 1057 Restat
430 1009 505 1074 ergo
542 988 689 1067 fortasse,
728 991 776 1065 ut,
816 987 966 1069 quoniam
1007 972 1134 1051 mentiri
1174 1005 1237 1051 non
1277 989 1389 1069 posset

237 1098 413 1181 apostolus,
442 1096 497 1179 qui
523 1098 613 1159 tanta
641 1114 717 1161 eura
745 1095 822 1179 egit,
850 1098 888 1159 ut
916 1094 1110 1159 discerneret
1137 1093 1214 1176 quid
1237 1093 1334 1158 seiret
1356 1095 1390 1157 et
1420 1110 1434 1149 a

238 1204 315 1287 quid
337 1203 485 1280 nesciret,
509 1204 570 1268 hoo
593 1202 700 1285 ipsum
724 1221 799 1266 eum
821 1202 1048 1285 intellegamus
1071 1201 1245 1285 ignorasse,
1269 1202 1387 1275 utrum,

237 1310 362 1394 quando
385 1311 417 1375 in
431 1294 565 1375 'caelum
588 1309 720 1375 tertium
743 1312 855 1391 raptus
879 1314 938 1387 est,
967 1308 999 1373 in
1028 1328 1158 1391 corpore
1180 1308 1286 1386 fuerit,
1312 1325 1388 1389 quo·

237 1417 332 1483 modo
362 1420 412 1482 est
439 1417 546 1481 anima
572 1416 604 1481 in
633 1434 774 1497 corpore,
800 1434 872 1481 oum
897 1434 1012 1498 eorpus
1035 1415 1146 1479 uiuere
1169 1412 1295 1491 dieitur,
1320 1413 1388 1478 siue

237 1523 403 1608 uigilantis
431 1523 502 1588 siue
530 1522 716 1588 dormientis
745 1522 814 1586 siue
841 1522 873 1585 in
903 1521 1002 1586 extasi
1030 1541 1049 1585 a
1077 1520 1225 1585 sensibus
1249 1520 1388 1603 eorporis

239 1632 385 1704 alienata,
413 1648 453 1693 en
482 1628 608 1693 omnino
638 1628 676 1694 de
705 1646 835 1709 corpore
868 1628 986 1705 exierit,
1015 1630 1053 1692 ut
1079 1630 1242 1692 mortuum
1273 1645 1387 1710 eorpus
1409 1638 1433 1675 ¹⁰

239 1736 366 1814 iaceret,
399 1736 499 1801 donee
530 1738 660 1819 peraeta
690 1734 748 1799 illa
780 1733 1047 1800 demonstratione
1076 1733 1227 1798 membris
1254 1733 1389 1798 mortuis

240 1843 345 1909 anima
366 1842 552 1907 redderetur
574 1843 608 1906 et
629 1858 690 1905 non
716 1841 808 1923 quasi
831 1840 992 1905 dormiens
1021 1840 1189 1924 euigilaret
1210 1842 1267 1904 ant
1290 1839 1390 1905 extasi

241 1950 397 2015 alienatus
440 1949 543 2014 denuo
584 1947 703 2013 rediret
742 1947 775 2011 in
818 1941 948 2024 sensus}
986 1946 1042 2011 sed
1078 1951 1225 2013 mortuus
1262 1946 1389 2012 omnino

241 2055 459 2122 reuiuisceret.
496 2054 638 2139 proinde,
664 2053 748 2136 quod
785 2052 870 2118 uidit
904 2056 1015 2135 raptus
1052 2070 1155 2134 usque
1190 2053 1223 2116 in
1260 2052 1390 2117 tertium

241 2164 366 2228 eaelum
388 2198 433 2211 -
458 2162 543 2245 quod
575 2161 672 2226 etiam
706 2179 740 2225 se
772 2160 855 2225 seire
889 2158 1055 2224 confirmat
1076 2196 1121 2206 -
1143 2159 1269 2242 proprie
1297 2157 1389 2234 uidit,
1410 2170 1435 2207 ¹⁵

240 2288 302 2335 non
334 2269 558 2353 imaginaliter.
592 2267 649 2333 sed
681 2266 757 2349 quia
786 2266 858 2348 ipsa
881 2285 899 2329 a
923 2284 1054 2348 corpore
1087 2265 1246 2343 alienatio,
1279 2268 1389 2329 utrum

241 2376 369 2444 omnino
410 2379 572 2441 mortuum
614 2393 729 2456 eorpus
764 2372 930 2456 reliquerit
965 2391 1004 2437 an
1042 2372 1219 2438 secundum
1259 2370 1391 2437 modum

242 2483 400 2567 quendam
431 2482 574 2547 uiuentis
607 2481 747 2565 eorporis
780 2480 825 2545 ibi
853 2481 958 2545 anima
984 2480 1091 2558 fuerit,
1120 2479 1177 2545 sed
1204 2497 1294 2544 mene
1322 2478 1391 2543 eius

243 2590 281 2654 ad
305 2589 443 2654 uidenda
464 2590 518 2653 uel
541 2587 698 2652 audienda
719 2587 893 2653 ineffabilia
915 2587 1002 2652 illius
1026 2586 1160 2654 uisionis
1184 2587 1316 2670 abrepta
1337 2585 1391 2662 sit,

242 2698 303 2762 hoo
334 2696 491 2760 insertum
525 2697 602 2773 erat,
640 2694 713 2759 ideo
744 2693 877 2759 forsitan
911 2693 1003 2761 dixit:
1042 2695 1124 2759 siue
1160 2693 1197 2757 in
1236 2709 1390 2775 corpore
1409 2703 1436 2742 2⁰

243 2803 326 2867 siue
350 2803 455 2865 extra
478 2819 615 2882 eorpus
638 2799 780 2878 neseio,
806 2799 897 2864 deus
922 2799 1006 2865 seit.
1039 2865 1041 2869 Α

289 2909 320 2972 6.
350 2906 440 2986 Quod
473 2910 582 2972 antem
613 2924 675 2972 non
707 2906 932 2991 imaginaliter,
962 2906 1018 2972 sed
1046 2906 1172 2988 proprie
1204 2905 1334 2971 uidetur
1361 2907 1395 2970 et

244 3035 307 3080 non
329 3034 385 3098 per
409 3033 524 3097 eorpus
547 3013 685 3090 uidetur,
714 3013 775 3079 lroe
803 3031 841 3077 eo
869 3013 993 3078 uisione
1017 3013 1154 3089 uidetur,
1179 3031 1259 3094 quae
1284 3031 1394 3078 omnes

246 3123 367 3185 ceteras
388 3122 526 3202 superat.
550 3119 662 3182 hurum
682 3119 806 3201 speeies
825 3121 922 3201 atque
941 3115 1142 3196 differentius,
1166 3121 1320 3200 quantum
1343 3138 1395 3182 me

247 3225 395 3290 dominus
423 3224 591 3300 adiuuerit,
621 3223 775 3307 explicare
804 3223 930 3290 curabo.
965 3241 1038 3288 ecee
1064 3223 1097 3288 in
1125 3224 1186 3288 hoe
1214 3242 1275 3289 uno
1308 3243 1395 3308 prae·
1414 3237 1441 3277 ²⁶

248 3335 341 3413 cepto
365 3349 438 3395 oum
461 3328 595 3414 legitur:
620 3329 760 3414 diliges
784 3329 992 3412 proximum
1015 3332 1121 3394 tuum
1145 3331 1335 3413 tamquam
1358 3335 1396 3397 te

339 3558 374 3612 26
392 3556 492 3611 Matth.
511 3556 555 3622 22,
574 3555 609 3610 39

287 3681 302 3735 1
322 3680 488 3749 simillimus]
510 3679 592 3734 simili
610 3680 690 3733 modo
711 3680 727 3733 b
800 3681 816 3734 2
835 3697 889 3734 non
908 3680 1053 3751 corporeis]
1072 3681 1237 3751 incorporeis
1256 3680 1272 3735 t
1343 3697 1398 3735 non

251 3788 304 3826 om.
321 3769 387 3825 PR¹
477 3768 609 3823 uidenst
681 3769 804 3824 tuideri
821 3769 861 3824 Ε1
946 3771 1014 3824 tut
1031 3769 1171 3840 quoniam]
1191 3771 1286 3841 utique
1305 3769 1401 3826 uonS

253 3860 349 3930 tquit
365 3859 394 3914 R
466 3864 495 3912 et
512 3875 564 3912 om.
581 3859 623 3913 E¹
668 3857 782 3929 dquid]
803 3859 863 3929 quis
880 3859 909 3913 R
980 3873 1041 3928 cap.
1063 3858 1143 3912 VIIII
1160 3859 1191 3913 E
1259 3861 1398 3930 ignorasse

251 3948 473 4017 intelligamusb
564 3947 710 4001 ltertium
729 3947 833 4001 caelum
852 3947 946 4002 PRbd
1025 3947 1079 4001 fuit
1095 3947 1124 4003 R
1213 3947 1344 4017 Scorpos
1362 3945 1400 4002 Ρι

253 4037 407 4092 dieiman
454 4035 615 4090 9eestasid
668 4037 703 4090 12
717 4037 853 4090 erstusiP
866 4037 994 4092 ecstasid
1047 4038 1081 4090 14
1095 4033 1403 4090 reuiuesceretEPRlS

255 4125 338 4196 quod]
360 4124 434 4194 quod
456 4141 486 4189 se
506 4127 546 4191 (se
564 4140 585 4178 a.
606 4125 624 4179 l.
644 4128 716 4193 asp.)
735 4124 766 4178 Ε
854 4141 939 4194 usque
957 4141 1008 4180 om.
1027 4124 1080 4181 Ea
1172 4127 1206 4179 15
1224 4125 1348 4195 propriae
1367 4123 1401 4178 δ’*

257 4214 290 4268 16
309 4212 466 4266 alienatad
538 4213 570 4266 17
589 4212 751 4282 relinquerit
767 4213 799 4267 E
814 4213 973 4282 relinquerit
990 4212 1045 4268 PR
1119 4213 1152 4268 18
1175 4211 1280 4281 corpori
1303 4213 1356 4266 sibi
1373 4211 1402 4266 R

257 4303 290 4356 19
310 4306 417 4370 arrepta
435 4299 523 4356 13de
574 4301 609 4355 22
627 4301 751 4371 propriae
765 4301 856 4358 P¹RS
908 4303 942 4356 23
951 4317 998 4371 pr.
1014 4301 1123 4356 uidetur
1136 4301 1240 4356 ΜΕι
1293 4301 1401 4370 25eup.

257 4389 330 4446 XE
380 4390 415 4443 26
434 4389 573 4459 diligisR
