3159 4950
455 471 496 524 de
525 469 668 526 Genesi
696 470 739 524 ad
766 471 948 525 litteram
977 471 1042 525 lib.
1072 471 1137 526 1111.
1327 475 1369 540 93
1434 512 1439 526 .

590 665 733 730 LIBER
761 662 995 743 QUARTUS.

267 775 297 839 1.
330 773 378 838 Et
404 775 666 838 consummata
693 775 782 838 sunt
811 773 956 837 caelum
986 775 1024 838 et
1051 776 1152 838 terra
1184 777 1222 840 et
1249 773 1368 840 omnis

221 882 379 944 ornatus
412 897 548 944 eorum.
592 883 629 943 et
662 878 942 944 consummauit
977 878 1069 946 deus
1101 879 1137 945 in
1172 879 1230 945 d'ie
1263 884 1368 947 sexto

221 1005 335 1070 opera
355 1005 433 1064 sua,
458 1005 553 1069 qnae
575 987 686 1063 fecit3
717 989 754 1052 et
779 987 976 1070 requierit
1005 987 1096 1054 deus
1121 987 1182 1054 die
1207 987 1368 1072 septimo

187 1095 265 1158 aab
293 1093 469 1159 omnibus
498 1093 676 1177 operibus
704 1093 801 1172 suis,
836 1112 930 1175 quae
962 1093 1067 1159 fecit.
1105 1097 1142 1159 et
1173 1093 1369 1160 benedixit

147 1209 153 1220 '
220 1182 313 1266 deus
345 1199 443 1265 diem
475 1200 680 1282 septimum
713 1201 751 1265 et
783 1199 1054 1266 sanctificauit
1086 1220 1182 1280 oum,
1216 1200 1366 1284 quinio

219 1307 303 1390 ipso
335 1307 531 1391 requierit
557 1307 602 1372 ab
634 1306 812 1372 omnibus
845 1307 1029 1391 operibns
1063 1307 1158 1386 suis,
1192 1326 1285 1390 quae
1318 1307 1367 1372 in·

219 1414 377 1479 choauit
403 1413 496 1480 deus
524 1414 660 1479 lacere.
697 1412 831 1479 arduum
860 1413 986 1497 quidem
1015 1418 1110 1498 atque
1142 1413 1366 1480 difficillimum

220 1524 271 1585 est
297 1521 421 1587 uiribus
448 1521 635 1586 intentionis
663 1524 791 1587 nostrae
819 1522 1022 1588 uoluntatem
1050 1522 1213 1604 scriptoris
1240 1519 1368 1586 inistis

172 1647 201 1686 ro
220 1647 274 1693 ser
306 1627 419 1694 diebus
450 1628 568 1694 mentis
600 1627 777 1693 uiuacitate
806 1631 982 1712 penetrare.
1015 1631 1123 1694 utrum
1150 1627 1369 1712 praeterierint

219 1734 288 1800 dies
311 1734 360 1798 illi
383 1737 417 1799 et
438 1735 547 1801 addito
570 1735 707 1818 septimo
730 1731 815 1800 nune
837 1755 894 1819 per
916 1735 1082 1801 uolumina
1104 1739 1286 1820 tempomm
1304 1753 1367 1799 non

218 1860 262 1920 re,
286 1840 344 1906 sed
366 1841 494 1907 nomine
516 1844 708 1926 repetantur.
744 1841 778 1906 in
805 1845 876 1908 toto
907 1841 990 1906 enim
1014 1846 1156 1924 tempore
1179 1841 1275 1905 multi
1298 1840 1365 1906 dies

218 1947 353 2012 ueniunt
374 1947 552 2031 praeteritis
581 1947 714 2026 similes,
743 1951 852 2015 nullus
882 1952 989 2014 autem
1017 1948 1102 2013 idern
1131 1947 1222 2014 redit.
1258 1950 1366 2012 utrum

219 2071 294 2138 ergo
322 2054 542 2138 praeterierint
568 2055 636 2120 dies
663 2055 723 2132 illi,
738 2075 790 2121 an
819 2055 902 2132 istis,
932 2055 987 2138 qui
1010 2073 1120 2120 eorum
1142 2053 1309 2120 uocabulis
1335 2057 1367 2118 et

171 2178 349 2226 annumero
368 2165 547 2240 censentur,
561 2162 594 2226 in
612 2167 794 2246 temporum
815 2163 920 2228 ordine
940 2161 1057 2228 cotidie
1075 2161 1365 2226 transcurrentibus

217 2266 266 2332 illi
293 2267 327 2331 in
353 2267 434 2351 ipsis
460 2287 566 2334 rerum
594 2269 831 2336 conditionibus
859 2273 1019 2346 maneant,
1049 2273 1174 2334 utnon
1204 2267 1310 2334 solnm
1333 2267 1365 2330 in

216 2373 282 2438 illis
307 2373 422 2452 tribus,
445 2377 616 2458 antequam
638 2375 751 2440 fierent
773 2375 951 2452 luminaria,
975 2373 1033 2440 sed
1057 2372 1153 2439 etiam
1176 2372 1209 2437 in
1232 2371 1365 2454 reliquis

216 2482 294 2546 item
316 2482 421 2547 tribus
444 2482 507 2547 diei
529 2502 645 2549 nomen
662 2484 888 2567 intellegamus
907 2484 938 2547 in
960 2482 1065 2566 specie
1083 2481 1140 2559 rei,
1160 2499 1240 2563 qnae
1260 2482 1366 2545 creata

218 2590 277 2668 est,
295 2590 486 2671 noctemque
509 2590 579 2655 eins
601 2590 634 2653 in
657 2590 835 2674 priuatione
859 2591 912 2655 uel
936 2588 1063 2655 defectu
1086 2588 1140 2653 uel
1164 2586 1191 2651 si
1216 2604 1278 2669 quo
1302 2585 1364 2650 alio

170 2716 201 2756 ao
216 2696 343 2761 nomine
361 2696 477 2762 melius
496 2696 704 2781 significatur,
724 2716 798 2762 cnm
818 2696 977 2761 amittitur
996 2694 1119 2779 species
1139 2694 1246 2776 aliqua
1263 2696 1365 2757 muta·

215 2801 303 2866 tione
326 2819 345 2864 a
367 2801 468 2867 forme
491 2802 530 2867 ad
556 2802 786 2869 informitatem
815 2804 993 2869 declinante
1022 2805 1118 2886 atque
1145 2802 1298 2883 uergente
1321 2836 1365 2845 -

216 2926 296 2991 quae
319 2908 455 2973 mutatio
479 2909 511 2973 in
536 2909 622 2975 omni
641 2914 785 2975 creatura
804 2910 872 2975 siue
891 2908 1105 2993 possibilitate
1125 2908 1218 2986 inest,
1239 2904 1365 2971 etiamsi

216 3013 301 3079 desit
327 3014 453 3092 effectu,
482 3016 568 3081 sicut
593 3016 625 3079 in
655 3016 848 3081 caelestibus
882 3015 1113 3099 superioribus,
1146 3014 1215 3078 siue
1247 3012 1287 3077 ad
1317 3010 1365 3074 in-

215 3119 364 3205 plendam
386 3121 418 3185 in
437 3120 555 3186 infimis
573 3122 670 3187 rebus
688 3122 960 3206 pulchritudinem
979 3122 1188 3205 temporalem
1207 3139 1265 3205 per
1282 3116 1365 3184 ordi·

168 3249 197 3289 aa
214 3229 305 3293 natas
322 3226 411 3292 uices
431 3246 629 3311 quorumque
647 3229 853 3294 mutabilium
873 3227 1073 3294 cessionibus
1093 3226 1364 3292 successionibus-

214 3353 276 3416 que
303 3336 476 3419 peragitur,
500 3336 586 3401 sicut
611 3335 819 3401 manifestum
848 3336 956 3400 estin
984 3334 1080 3399 rebus
1108 3332 1240 3398 terrenis
1269 3334 1364 3415 atque

214 3441 468 3506 mortalibus-
494 3462 629 3526 uespera
649 3462 726 3508 uero
749 3444 782 3508 in
812 3442 960 3507 omnibus
986 3442 1145 3525 perfectae
1174 3438 1363 3504 conditionis
1463 3522 1465 3525 Ι

304 3650 321 3703 2
339 3647 406 3705 Gen.
426 3651 444 3703 2
465 3652 533 3706 1-3

251 3776 263 3828 1
283 3774 477 3846 Explicuerunt
494 3776 621 3845 capitula.
640 3776 685 3830 inb
697 3776 766 3831 liber
781 3778 894 3847 quartus
904 3775 958 3843 sol.
982 3777 1020 3827 16
1033 3774 1063 3827 Ε
1114 3771 1172 3825 din
1188 3769 1232 3823 die
1246 3766 1361 3823 PRde

214 3863 247 3917 12
270 3865 383 3918 nomina
403 3864 456 3919 ΕΒ
526 3866 560 3919 13
582 3868 714 3936 praeteris
737 3864 777 3919 Ει
851 3864 947 3919 similis
972 3863 1010 3917 Ρ1
1084 3862 1117 3915 14
1138 3860 1213 3929 ergo]
1234 3856 1361 3911 autemb

211 3952 511 4022 praeterierantPRSd
595 3953 707 4008 istisE¹
782 3952 1003 4008 lbcottidieES
1075 3950 1108 4003 16
1122 3944 1363 4003 condicionibnsR

214 4040 248 4095 18
264 4040 332 4095 item
351 4040 384 4096 8¹
455 4057 516 4097 casm
533 4042 600 4096 item
617 4044 672 4098 inc.
692 4058 753 4112 cap.
768 4042 782 4097 I
796 4043 827 4097 E
875 4042 908 4097 19
929 4037 1118 4112 priuationeb
1167 4033 1361 4091 'deiectnmb

212 4127 236 4181 ai
256 4130 278 4195 (i
296 4144 329 4183 ee
347 4144 362 4182 e
380 4144 415 4183 aa.
436 4128 462 4197 l)
480 4128 509 4185 R
579 4130 615 4183 20
634 4129 839 4185 admittitur-E
907 4130 940 4185 21
966 4133 1049 4199 atque
1068 4128 1095 4181 P
1164 4124 1199 4180 23
1224 4124 1273 4179 des
1296 4124 1320 4176 it
1338 4122 1365 4176 P

212 4214 321 4287 0110011]
339 4215 367 4271 in
386 4216 486 4271 affectu
504 4216 529 4271 S
545 4218 656 4273 effectus
673 4216 785 4273 fflPRb
845 4215 1103 4273 antecessionibus
1123 4214 1160 4269 bd
1232 4210 1361 4266 successi-

211 4303 310 4359 onibus
328 4306 523 4375 qucperagitnr
540 4304 580 4361 13¹
667 4306 701 4361 27
720 4306 880 4361 mortalibus
901 4308 932 4366 (a.
953 4306 970 4363 l.
990 4322 1025 4360 m,
1045 4305 1061 4359 2
1081 4304 1109 4359 al
1126 4300 1316 4369 mutabilibus)
1335 4298 1365 4352 E

211 4392 331 4465 perfecte
348 4394 427 4449 EPb'
