3159 4950
453 455 494 509 de
524 453 666 508 Generi
694 453 738 508 ud
765 454 948 508 litteram
976 455 1041 508 lib.
1069 453 1145 512 VIII.
1304 459 1370 522 263

266 651 319 716 24.
343 652 390 717 Ac
417 670 473 733 per
500 651 560 717 hoc
589 649 782 716 sublimibus
812 651 934 734 angelis
958 650 1018 716 deo
1042 649 1169 716 subdite
1192 649 1371 717 fruentibus

221 758 254 820 et
276 757 334 823 deo
357 759 450 823 beate
474 757 687 822 seruientibus
716 757 845 823 subdite
871 761 922 822 est
949 757 1052 823 omnis
1075 759 1189 822 namra
1211 775 1371 841 corporea,

221 865 325 930 omnis
347 863 545 930 inrationalis
567 865 647 941 uita,
672 865 774 930 curuis
799 864 949 929 uoluntas
972 865 1026 929 uel
1048 863 1174 928 infirma
1190 865 1245 930 uel
1261 884 1369 947 praua,

220 973 257 1034 ut
280 971 340 1036 hoc
364 971 403 1036 de
426 970 563 1037 subditis
587 971 641 1036 nel
663 989 737 1036 curn
756 969 895 1036 subditis
914 974 1020 1054 agant,
1040 970 1125 1054 quod
1143 974 1275 1036 naturae
1293 971 1370 1036 ordo

189 1077 325 1158 sposcit
357 1077 390 1141 in
423 1077 572 1142 omuibus
604 1076 733 1141 iubente
764 1075 833 1153 illo,
869 1075 923 1140 cui
960 1075 1106 1141 subiecta
1142 1077 1218 1140 sunt
1254 1076 1369 1141 omnia.

219 1182 351 1265 proinde
368 1182 417 1248 illi
435 1182 467 1248 iu
486 1182 543 1247 illo
562 1182 732 1247 ueritatem
751 1181 1047 1248 incommutabilem
1069 1182 1182 1247 uident
1204 1184 1237 1247 et
1260 1199 1371 1247 secuu-

220 1289 296 1354 dum
320 1309 390 1354 eam
413 1308 489 1356 sues
513 1289 654 1374 dirigunt
680 1291 875 1357 uoluntates.
908 1289 991 1354 finnt
1018 1308 1093 1374 ergo
1122 1289 1171 1354 illi
1198 1289 1369 1372 participes

219 1395 428 1472 aeternitatis,
452 1395 607 1472 ueritatis,
624 1395 816 1462 uoluntatis
840 1396 910 1461 eiua
933 1415 1058 1480 semper
1080 1396 1149 1462 sine
1172 1398 1315 1479 tempore
1338 1399 1371 1461 et

218 1502 304 1578 loeo;
337 1505 508 1568 mouentur
539 1505 646 1568 autem
679 1501 747 1567 eius
780 1501 913 1586 irnperio
945 1503 1043 1567 etiam
1070 1502 1288 1587 temporaliter
1312 1503 1369 1568 illo

174 1631 200 1672 ro
219 1627 281 1674 non
313 1609 532 1691 temporaliter
562 1611 661 1686 moto,
694 1627 752 1674 nec
784 1609 841 1687 ita,
873 1613 911 1674 ut
942 1610 981 1674 ab
1007 1609 1074 1674 eius
1103 1609 1370 1692 contemplatione

217 1714 362 1780 resiliant
384 1717 439 1780 aut
462 1714 610 1792 defluant,
635 1715 691 1779 sed
714 1715 814 1780 simul
832 1717 866 1779 et
882 1715 976 1780 illum
994 1715 1064 1780 siue
1081 1715 1153 1780 loco
1172 1734 1209 1780 ao
1226 1718 1369 1797 tempore

219 1822 475 1905 contemplantur
493 1824 527 1886 et
544 1821 614 1888 eius
632 1821 665 1886 in
683 1821 885 1887 inferioribus
903 1822 993 1888 iussa
1009 1821 1188 1906 perficiunt,
1202 1825 1370 1887 mouentes

219 1947 254 1994 se
276 1947 332 2011 per
354 1929 492 2010 tempus,
517 1946 631 2012 corpus
655 1931 763 1993 autem
785 1947 842 2011 per
864 1931 994 2012 tempus
1017 1932 1051 1993 et
1072 1930 1190 2006 locum,
1214 1930 1368 2011 quantum

219 2053 327 2100 eorum
346 2033 493 2118 congruit
510 2034 637 2099 actioni.
654 2037 686 2098 at
699 2033 771 2100 ideo
792 2034 871 2100 deus
889 2035 1038 2119 bipertito
1057 2034 1273 2118 prouidentiae
1293 2053 1369 2099 suae
1422 2041 1425 2044 ’

176 2165 201 2204 n
219 2159 313 2224 opere
326 2141 453 2223 praeest
466 2139 634 2205 uniuersae
654 2143 815 2206 creaturae
834 2159 921 2219 suae,
941 2141 1073 2218 naturis,
1092 2142 1131 2204 ut
1147 2140 1234 2219 liant,
1254 2138 1369 2205 uolun-

218 2247 338 2312 tatibus
362 2249 479 2324 sutsm,
502 2251 540 2312 ut
563 2247 631 2313 siue
655 2266 713 2313 suo
736 2247 829 2313 iussu
856 2249 911 2314 uel
937 2249 1097 2331 permissu
1129 2247 1210 2312 nihil
1241 2245 1368 2312 iaciant

264 2355 316 2421 25.
354 2354 476 2418 Natura
506 2355 606 2438 igitur
636 2354 856 2420 uniuersitatis
893 2355 1064 2439 corporalis
1101 2373 1163 2419 non
1200 2352 1371 2418 adiuuatur

219 2461 413 2527 extrinsecus
451 2462 664 2545 corporaliter.
702 2482 806 2546 neque
841 2462 927 2527 enim
964 2465 1014 2528 est
1045 2464 1131 2527 extra
1163 2480 1234 2527 eam
1264 2459 1368 2524 ullum

218 2587 349 2651 corpua;
364 2569 505 2651 alioquin
519 2587 580 2635 uon
591 2571 642 2634 est
651 2570 856 2636 uniuersitas.
870 2569 1062 2634 intrinsecus
1077 2570 1185 2634 autem
1200 2567 1370 2632 adiuuatur

173 2696 201 2737 ao
218 2674 458 2758 incorporaliter
481 2675 539 2741 deo
563 2676 598 2740 id
620 2678 745 2760 agente,
770 2679 808 2741 ut
829 2676 957 2742 omnino
981 2678 1094 2741 natura
1116 2675 1170 2754 sit,
1193 2674 1368 2758 quoniam

219 2800 261 2845 er
284 2780 366 2863 ipso
390 2786 429 2847 et
450 2801 516 2865 per
537 2781 661 2866 ipsum
680 2783 771 2848 etin
790 2783 875 2867 ipso
898 2786 988 2847 sunt
1011 2781 1143 2849 omnia.
1166 2784 1273 2865 partes
1291 2798 1367 2845 uero

219 2886 361 2953 eiusdem
385 2888 605 2953 uniuersitatis
630 2893 663 2954 et
683 2889 877 2955 intrinsecus
904 2890 1143 2972 incorporaliter
1165 2888 1366 2962 adimantur,

219 2993 273 3057 uel
298 2994 406 3075 potius
434 2994 525 3074 liunt,
552 2998 590 3061 ut
617 2999 747 3061 nabrrae
776 2996 851 3076 sint,
880 3000 913 3062 et
935 2997 1131 3062 extrinsecus
1154 2993 1366 3077 corporaliter,
1437 3069 1439 3072 v

220 3118 282 3181 quo
311 3118 344 3165 se
372 3100 489 3167 melius
511 3102 658 3181 babeant,
683 3102 768 3168 sicut
791 3104 961 3181 alimentis,
985 3104 1188 3189 agricultura,
1210 3098 1369 3165 medicina

175 3237 201 3277 se
220 3210 253 3271 et
275 3224 493 3291 quaecumque
517 3208 613 3274 etiam
637 3209 677 3273 ad
700 3212 848 3275 ornatum
871 3211 961 3287 liunt,
985 3214 1107 3277 utnon
1130 3210 1236 3275 solum
1259 3207 1367 3272 saluae

219 3312 487 3393 acremotionis,
511 3332 624 3382 uerum
648 3315 744 3380 etism
768 3315 966 3383 decentiores
989 3317 1064 3383 sint.

308 3534 343 3587 20
361 3534 438 3589 Rom.
461 3536 502 3600 11,
521 3534 556 3589 36

256 3660 352 3727 lcop.
371 3658 434 3713 XVI
452 3660 484 3714 Ε
553 3661 595 3730 ac]
613 3661 663 3715 bac
681 3660 710 3716 Β
783 3660 904 3731 subdite]
924 3661 1051 3716 subditae
1064 3662 1095 3715 Ε
1111 3660 1229 3716 subditis
1246 3661 1366 3715 beatitu-

220 3745 331 3802 dineS
400 3747 538 3804 2bcatae
560 3748 668 3805 EPRS
737 3749 865 3821 3praba
886 3751 925 3804 E¹
948 3766 1034 3822 parua
1055 3750 1096 3805 R¹
1167 3750 1320 3804 biuuento
1342 3748 1370 3803 P

218 3837 236 3891 8
256 3837 379 3891 ueritatis
397 3853 418 3891 s.
439 3837 457 3891 l.
476 3854 511 3892 m.
530 3838 591 3894 113
675 3839 818 3893 uoluntate
837 3839 853 3892 b
939 3840 1055 3910 semper]
1075 3854 1182 3908 semper
1198 3837 1366 3893 facientesb

219 3926 358 3996 lliuperio
376 3924 428 3980 ΡΗ
481 3926 514 3981 10
532 3932 607 3982 moto
621 3926 661 3981 E¹
733 3927 801 3997 eiua]
821 3927 908 3983 eiisS
965 3927 1205 3987 utenburron
1222 3943 1272 3996 ηιμ.
1293 3943 1313 3980 a
1328 3942 1364 3982 ιιι.

219 4019 283 4068 lut
300 4013 411 4068 111111·
429 4014 496 4069 adet
515 4020 554 4070 est
572 4016 602 4069 al
620 4016 767 4085 dissiliant)
787 4016 816 4069 P
874 4017 908 4071 14
926 4016 1057 4086 uipertito
1076 4015 1116 4070 El
1175 4016 1208 4067 15
1226 4016 1366 4069 creaturae

219 4102 294 4173 suae]
314 4105 452 4158 creaturae
470 4102 586 4159 Preme
621 4106 654 4159 16
674 4104 719 4159 uel
736 4120 757 4159 r.
779 4105 797 4160 l.
811 4122 846 4161 as
860 4108 875 4159 1
891 4106 922 4160 E
957 4106 990 4159 17
1004 4104 1150 4159 adiubatur
1161 4105 1201 4159 1⁴2¹
1220 4103 1367 4159 adiuuatur

221 4194 249 4259 (u
267 4192 336 4247 med.
354 4208 377 4247 s.
397 4194 414 4247 L
433 4210 468 4248 aa
489 4194 515 4263 1)
533 4194 562 4250 R
618 4195 651 4249 18
669 4194 820 4265 nequueS
871 4195 906 4249 19
925 4196 978 4264 est]
997 4196 1104 4248 essetb
1175 4198 1268 4248 autern
1287 4192 1364 4247 adin-

218 4288 300 4336 uatur
317 4281 405 4336 emb
477 4281 624 4337 adiubatur
642 4282 682 4337 E¹
736 4284 771 4339 22
790 4282 956 4337 adiubuutur
973 4283 1013 4337 E¹
1075 4282 1111 4337 25
1129 4296 1298 4353 quecumque
1315 4281 1368 4337 Ra*

221 4368 339 4424 salueS
390 4368 425 4423 26
445 4369 615 4425 fecundiores
636 4372 664 4438 (rr
682 4387 705 4425 a.
726 4372 743 4426 1,
763 4388 798 4425 m.
817 4376 843 4437 1)
862 4370 886 4425 S
