3159 4950
450 472 492 527 de
519 473 661 529 Genesi
689 474 731 528 ad
756 475 937 527 litteram
966 474 1032 527 lib.
1057 472 1103 527 VI.
1281 474 1343 539 193

202 670 286 733 bitur
317 705 361 715 -
394 669 569 733 seminatur
600 668 684 733 enim
718 687 832 751 eorpus
870 668 1018 745 animale,
1056 668 1194 751 resurgit
1232 686 1345 750 cerpus

203 776 343 858 spiritale
371 813 415 823 -
437 779 544 840 tamen
573 775 649 858 quid
675 776 764 859 prius
792 774 914 841 homini
941 775 1061 839 iactum
1095 775 1147 852 sit,
1179 774 1250 840 ideo
1284 774 1345 837 dis-

203 886 355 965 ceptatur,
388 884 472 965 quia,
497 882 524 947 si
547 883 681 947 animale
712 881 832 946 factum
866 885 925 957 est,
958 900 1019 947 nun
1052 882 1113 947 hoe
1144 880 1345 964 recipiemus,

202 987 286 1070 qued
313 988 428 1053 inille
456 986 662 1069 perdidimus,
695 986 752 1051 sed
783 989 873 1051 tanto
905 987 1021 1052 meiius
1054 990 1171 1069 quante
1205 986 1346 1070 spiritale

170 1096 329 1160 eanimnli
356 1095 613 1178 praeponendum
642 1099 705 1173 est,
735 1094 860 1179 quando
895 1094 1011 1159 erimus
1044 1094 1191 1177 aequales
1224 1092 1345 1177 angelis

203 1202 262 1266 dei.
287 1202 344 1267 sed
363 1202 468 1287 angeli
490 1205 626 1285 pessunt
648 1202 719 1266 aliis
743 1207 775 1267 et
797 1201 922 1266 institia
944 1201 1107 1284 praeponi:
1136 1198 1290 1281 numquid
1315 1202 1347 1262 et

203 1308 351 1373 demine?
376 1309 414 1373 de
438 1328 500 1391 que
523 1312 630 1374 t'amen
655 1309 863 1373 dictumest:
892 1308 1093 1373 minorasti
1122 1325 1203 1371 eum
1232 1306 1345 1387 paulo

203 1416 325 1481 minus
358 1417 401 1480 nb
434 1416 590 1499 angelis.
623 1414 718 1480 unde.
751 1414 813 1479 nisi
845 1419 973 1498 propter
996 1414 1097 1478 earnis
1119 1413 1345 1489 infirmitatem,

202 1541 298 1604 quam
330 1523 446 1587 sumsit
479 1541 515 1586 er
546 1522 671 1605 uirgine
706 1523 842 1587 formam
885 1522 969 1587 serui
1011 1522 1177 1603 accipiens,
1215 1520 1247 1583 in
1286 1538 1347 1601 qua

159 1630 339 1694 emoriens
373 1648 392 1693 a
424 1630 579 1695 seruitute
612 1648 670 1694 nos
701 1628 889 1693 redimeret?
924 1628 979 1693 sed
1012 1628 1087 1710 quid
1120 1628 1193 1692 hine
1226 1625 1346 1690 diutius

203 1735 416 1801 disseramus?
444 1754 506 1801 non
535 1736 619 1801 enim
647 1736 783 1801 obseura
811 1737 862 1801 est
883 1734 1019 1816 apostoli
1044 1733 1202 1799 sententia
1226 1732 1263 1797 de
1288 1734 1346 1797 hae

201 1862 245 1909 re.
274 1843 329 1927 qui
356 1862 429 1908 eum
465 1843 625 1909 uoluisset
661 1843 809 1908 adhibere
838 1842 1068 1919 testimoninm,
1108 1860 1169 1924 quo
1202 1840 1348 1923 probaret

204 1968 273 2014 esse
306 1968 419 2031 eorpus
453 1950 599 2027 animala
632 1969 694 2015 non
725 1952 792 2013 tam
826 1949 865 2013 de
898 1967 956 2014 suo
993 1948 1046 2012 uel
1083 1948 1121 2011 de
1159 1947 1347 2029 cuiusquam

202 2056 340 2121 heminis
369 2074 508 2139 corpere,
537 2057 622 2139 quod
648 2058 680 2120 in
709 2056 869 2139 praesenti
895 2055 1072 2130 uidebatur,
1102 2073 1196 2136 quam
1226 2053 1347 2118 dehoc
1452 2058 1454 2063 '

160 2180 184 2217 1⁵
201 2162 271 2246 ipso
296 2162 468 2246 scripturae
491 2164 588 2228 huius
609 2164 680 2229 loeo
704 2162 841 2229 recoluit
863 2166 896 2227 et
918 2161 1065 2227 adhibuit
1087 2160 1209 2225 dicens:
1234 2160 1265 2225 si
1290 2162 1348 2224 est

204 2287 340 2353 eorpus
363 2271 532 2345 animale,
563 2274 621 2335 est
644 2274 681 2335 et
704 2270 891 2353 spiritale.
921 2270 975 2333 sie
1000 2272 1036 2332 et
1060 2267 1244 2349 seriptum
1273 2270 1345 2330 est:

204 2377 329 2442 faetus
358 2380 416 2441 est
442 2378 586 2460 primus
615 2378 722 2441 hemo
747 2376 862 2441 Adam
891 2377 927 2439 in
956 2375 1115 2439 animam
1143 2374 1346 2437 uiuentem.

203 2485 437 2549 nouissimus
460 2484 573 2550 Adam
603 2485 639 2548 in
669 2484 847 2566 spiritum
875 2483 1153 2547 uiuifieantem.
1183 2481 1248 2546 sed
1276 2499 1345 2546 non
1398 2543 1400 2546 .

202 2590 363 2673 primum
388 2591 485 2673 quod
510 2591 685 2673 spiritale
714 2594 782 2667 est,
808 2591 872 2656 sed
900 2589 997 2672 quod
1021 2589 1192 2666 animale,
1216 2591 1348 2670 postea

159 2715 186 2754 2⁰
205 2698 392 2780 spiritale.
425 2699 568 2782 primus
601 2699 709 2765 homo
733 2697 776 2763 de
800 2700 901 2761 terra
933 2701 1122 2769 terrenum
1158 2694 1347 2760 secundus

205 2803 312 2869 hemo
347 2803 390 2869 de
422 2806 527 2870 caelo
561 2805 755 2870 caelestis.
790 2804 915 2888 qualis
952 2808 1136 2880 terrenus,
1175 2803 1273 2867 tales
1312 2805 1349 2866 et

204 2911 361 2986 terreni;
383 2914 419 2976 et
438 2911 562 2994 qualis
582 2911 776 2987 caelestis,
798 2912 898 2976 tales
923 2915 960 2976 et
979 2912 1177 2976 caelestes.
1203 2913 1239 2974 et
1263 2927 1346 2990 quo·

205 3017 313 3082 medo
349 3017 542 3082 induimus
570 3017 774 3102 imaginem
802 3019 956 3094 terreni,
980 3017 1181 3081 induamus
1206 3019 1239 3080 et
1260 3015 1346 3079 ima-

205 3123 328 3207 ginem
361 3124 442 3189 eius
476 3125 538 3207 qui
572 3125 615 3189 de
649 3125 755 3189 eaelo
788 3127 856 3189 est.
890 3124 965 3206 quid
990 3124 1051 3188 diei
1074 3125 1181 3206 potest
1204 3121 1243 3186 ad
1265 3121 1347 3187 hoe?

159 3246 186 3285 a
204 3229 376 3314 imaginem
400 3250 474 3315 erge
489 3231 636 3296 caelestis
650 3231 789 3296 hominis
805 3251 889 3296 nune
904 3251 938 3295 er
955 3231 1015 3295 fide
1030 3234 1193 3312 portemus
1209 3227 1347 3294 habituri

204 3337 236 3400 in
267 3338 507 3414 resurreetione,
548 3337 632 3421 quod
670 3338 841 3415 eredimus3
879 3338 1050 3422 imaginem
1088 3341 1195 3401 autem
1233 3336 1348 3399 terreni

204 3442 342 3507 hominis
366 3444 404 3507 ab
428 3443 498 3525 ipso
523 3442 648 3509 exordio
671 3443 830 3508 humanae
854 3442 1065 3528 generationis
1089 3442 1263 3508 induimus,

293 3685 597 3748 serueueram
666 3685 824 3748 7Ps.8‚6
893 3683 1133 3746 eerraira?
1202 3683 1345 3738 151001.

207 3774 249 3838 15,
266 3773 374 3827 rar-49

242 3939 656 4009 lresurgetfflSsurgetPRbd
689 3940 818 4009 2quodS
852 3943 868 3994 6
874 3958 919 4010 pr.
932 3944 970 4014 et]
981 3943 1032 3997 erb
1069 3919 1183 3996 &earnis
1199 3919 1351 4010 p'r'opterE

205 4029 222 4082 9
245 4029 363 4098 sumpsit
388 4032 457 4094 (sum
480 4045 502 4083 a.
527 4029 545 4083 I.
569 4046 603 4083 m.
626 4035 652 4095 1)
675 4029 772 4092 &Rbd
901 4029 936 4084 10
958 4049 1007 4085 nos
1035 4048 1051 4086 a
1079 4031 1210 4084 seruitute
1234 4027 1348 4084 PRde

207 4118 240 4170 15
263 4116 383 4170 athibnit
406 4115 433 4168 P
515 4118 547 4171 16
572 4118 611 4171 sie
635 4117 672 4187 et]
697 4119 736 4171 sie
758 4119 860 4172 etenim
888 4118 925 4172 bd
1014 4117 1046 4172 18
1071 4119 1169 4190 spiritu
1192 4117 1231 4172 Ει
1255 4107 1304 4189 spu
1322 4117 1349 4171 P

205 4205 331 4276 spiritum
352 4208 388 4270 (m
407 4221 428 4260 e.
448 4206 466 4259 I.
486 4222 520 4260 m.
539 4212 564 4267 1)
585 4204 609 4259 S
717 4207 749 4260 19
772 4207 901 4277 primum]
925 4207 1000 4277 prius
1019 4207 1049 4260 Ε
1151 4208 1185 4262 20
1209 4211 1348 4271 terraenus

206 4295 458 4363 (asspirare
546 4295 580 4348 22
599 4295 710 4350 talisR
800 4297 834 4350 23
854 4297 1035 4351 induamurb
1121 4297 1155 4350 24
1175 4295 1209 4350 ad
1228 4296 1277 4350 hor
1299 4295 1351 4349 dici

205 4387 297 4453 potest
315 4382 429 4437 PRde
482 4384 516 4437 26
535 4384 758 4447 resurrect-ionem
779 4386 814 4454 (m
837 4390 993 4456 eap.m.1)
1015 4385 1038 4440 S

258 4508 363 4549 xxviii.
378 4509 438 4557 Aug.
454 4513 508 4548 rect.
524 4505 559 4547 iil
573 4518 625 4557 pars
641 4511 660 4548 1.
1247 4491 1280 4544 13
