3159 4950
425 477 466 531 de
495 475 640 530 Genesi
668 475 711 530 ad
739 476 920 530 litteram
948 475 1013 530 lib.
1041 476 1107 530 1111.
1295 481 1357 545 127

210 689 375 754 uesperam
396 674 429 736 et
442 689 546 748 mane,
561 670 617 735 sed
633 670 725 734 aliter·
739 669 879 752 quidem,
895 690 990 753 quam
1005 671 1036 736 in
1051 671 1112 737 hac
1129 673 1359 738 consuetudine

210 778 384 844 cotidianae
408 778 490 842 lucia
514 777 610 842 huins
634 779 667 840 et
689 777 872 859 corporalis,
902 796 965 842 non
989 781 1095 842 tamen
1118 782 1282 862 tamquam
1306 779 1359 844 hic

210 885 343 969 proprie,
365 884 412 950 ibi
434 885 583 969 figuratim
607 883 664 948 ubi
687 883 771 948 eninr
789 883 904 948 melior
923 887 956 948 et
974 885 1089 949 certior
1107 886 1170 960 lur,
1190 885 1235 949 ibi
1254 886 1360 952 uerior

211 991 305 1056 etiam
328 991 396 1057 dias
413 1039 420 1056 .
436 1009 493 1055 cur
518 1009 592 1074 argo
621 1009 682 1055 non
707 993 740 1054 et
762 989 869 1055 uerior
895 1009 1030 1074 uespera
1052 995 1085 1056 et
1108 992 1215 1056 uerius
1244 996 1359 1057 mane?

181 1116 281 1162 ruam
301 1099 329 1163 si
347 1097 469 1162 inistis
489 1096 602 1161 diebus
621 1097 718 1160 habet
740 1096 899 1178 quandam
923 1097 1166 1162 declinationem
1191 1115 1282 1162 suam
1304 1098 1359 1163 lur

209 1204 240 1269 in
263 1223 424 1281 occasum,
447 1223 543 1285 quam
565 1221 718 1284 uesperae
732 1202 859 1267 nomine
879 1221 1110 1286 nuncupamus,
1136 1203 1231 1268 etad
1254 1206 1358 1268 ortum

209 1311 323 1374 iterum
350 1310 500 1387 reditum,
528 1309 615 1392 quod
641 1328 735 1374 mane
762 1309 910 1384 dicimus,
944 1329 1000 1374 cur
1033 1313 1064 1376 et
1095 1310 1164 1374 illic
1191 1329 1357 1392 uesperam

209 1437 268 1482 nou
284 1416 439 1492 dicamus,
451 1435 523 1480 cum
535 1435 554 1480 a
564 1415 831 1498 contemplatione
848 1416 997 1482 creatoris
1014 1419 1158 1481 creatura
1172 1416 1356 1499 despicitur,

209 1527 241 1588 et
262 1541 364 1599 mane,
388 1541 461 1588 oum
484 1541 504 1586 a
525 1522 707 1606 cognitione
731 1525 892 1587 creaturae
916 1524 947 1586 in
971 1503 1100 1588 laudem
1129 1523 1280 1588 creatoris
1305 1523 1357 1588 ad-

168 1630 369 1714 resurgitur?
397 1630 611 1712 nequeenim
639 1633 673 1694 at
699 1629 845 1694 Christus
875 1630 921 1696 sic
954 1630 1070 1696 dicitur
1101 1631 1164 1710 lux,
1199 1631 1357 1712 quomodo

210 1735 325 1802 dicitur
346 1736 438 1820 lapis,
462 1737 519 1802 sed
541 1736 623 1801 illud
645 1735 779 1818 proprie,
809 1737 869 1802 hoc
897 1736 1009 1820 utique
1038 1737 1182 1821 figurate.
1208 1736 1354 1820 quisquis

209 1862 283 1927 ergo
315 1863 378 1908 nou
411 1862 492 1918 eanr,
525 1862 621 1927 qnam
652 1861 709 1924 pro
742 1845 850 1907 nostro
884 1843 1013 1908 modulo
1048 1845 1100 1908 nel
1127 1844 1275 1928 indagare
1305 1845 1357 1909 uel

208 1953 318 2033 putare
340 1951 516 2032 potuimus,
540 1950 599 2015 sad
621 1951 715 2014 aliam
738 1949 871 2032 requirit
889 1950 921 2014 in
936 1950 1069 2026 illorum
1089 1951 1209 2016 dierum
1231 1969 1358 2016 enume-

207 2057 327 2122 ratione
350 2057 552 2131 sententiam,
577 2075 656 2139 quae
680 2075 742 2120 non
763 2056 797 2120 in
821 2057 988 2140 prophetia
1006 2057 1150 2141 figurate,
1171 2057 1278 2122 sedin
1298 2055 1357 2122 hac

166 2187 189 2226 ω
207 2168 421 2229 creaturarum
430 2164 611 2229 conditione
621 2163 747 2246 proprie
756 2164 936 2245 meliusque
947 2163 1051 2246 possit
1060 2163 1215 2248 intellegi,
1228 2169 1359 2247 quaerat

208 2275 241 2336 et
262 2272 419 2336 diuinitus
441 2270 571 2336 adiutus
594 2271 745 2335 inueniat.
769 2270 839 2334 fieri
863 2270 947 2334 eninr
970 2273 1087 2353 potest,
1115 2274 1152 2334 ut
1176 2271 1272 2334 etiam
1297 2289 1356 2355 ego

207 2378 300 2442 aliam
328 2378 378 2444 bis
407 2378 534 2442 diuinae
563 2377 737 2460 scripturae
765 2377 872 2442 uerbis
902 2378 1178 2460 congruentiorem
1210 2375 1357 2442 fortassis

205 2486 376 2553 inueniam.
400 2504 502 2569 neque
526 2486 611 2551 enim
634 2487 716 2551 bano
738 2487 784 2550 ita
803 2486 966 2561 confirmo,
985 2488 1024 2549 ut
1043 2484 1147 2563 aliam,
1168 2502 1249 2566 quoe
1268 2502 1356 2567 pras·

205 2593 350 2675 ponenda
379 2594 433 2669 sit,
465 2591 600 2657 inueniri
632 2612 695 2657 nou
727 2612 822 2675 posse
857 2591 1056 2667 contendam,
1091 2590 1176 2655 sicut
1204 2590 1355 2656 confirmo

161 2723 186 2761 eo
204 2700 346 2781 requiem
371 2699 422 2765 dei
445 2700 635 2783 scripturam
663 2703 807 2764 sanctam
830 2698 1008 2781 non'qucsi
1035 2700 1110 2780 post
1132 2696 1354 2761 lassitudinem

205 2806 258 2870 uel
281 2824 373 2871 curae
395 2806 578 2871 molestiam
601 2807 694 2872 uobis
716 2806 878 2871 insinuare
902 2804 1055 2870 uoluisse.

250 2914 304 2981 29.
329 2910 542 2991 Quamobrem
569 2915 677 2994 potest
704 2912 821 2995 aliquis
848 2912 985 2978 fortasse
1013 2930 1139 2975 mecum
1164 2910 1355 2994 disputando

205 3022 335 3096 certare,
359 3022 398 3084 ut
420 3019 506 3084 dicat
528 3020 715 3085 sublimium
739 3020 899 3085 caelorum
925 3018 1055 3103 angelos
1083 3037 1146 3083 non
1175 3018 1354 3081 alternatim

205 3126 348 3191 contueri
369 3126 471 3209 primo
494 3127 633 3191 rationes
656 3130 871 3193 creaturarum
895 3126 1198 3191 incommutabiliter
1214 3125 1246 3189 in
1266 3124 1355 3189 uerbi

151 3255 180 3293 ω
204 3231 257 3297 dei
278 3232 533 3298 incommutabili
556 3234 690 3298 ueritate
714 3252 751 3299 ac
775 3234 887 3299 deinde
911 3233 997 3315 ipsas
1023 3236 1181 3297 creaturas
1206 3234 1238 3295 et
1260 3232 1354 3296 tertio

204 3357 313 3403 earnm
336 3338 433 3403 etiam
455 3340 489 3404 in
513 3340 652 3425 seipsis
680 3341 896 3426 coguitionem
920 3340 959 3403 ad
981 3339 1109 3404 laudem
1133 3338 1247 3403 reterre
1272 3356 1354 3402 crea-

296 3545 329 3599 10
348 3544 381 3599 cf.
400 3545 459 3599 Ioh.
479 3546 560 3611 8,12
616 3548 646 3601 11
669 3547 703 3601 cf.
722 3549 784 3603 Aer.
804 3551 830 3615 4,
852 3549 882 3602 ll

241 3684 427 3756 luesperaS
478 3688 681 3743 2cottidianae
701 3692 727 3755 (e
741 3704 796 3757 pro
817 3705 848 3743 aa
863 3688 961 3757 ›SbES
1011 3688 1213 3759 3propriueR
1285 3688 1354 3758 figu-

202 3776 280 3828 ratae
300 3774 390 3829 E¹SR
478 3778 606 3831 tetiam
636 3777 764 3831 ueriorb
857 3776 1046 3832 doccasnE¹
1154 3792 1267 3846 uespere
1286 3776 1354 3829 ESb

202 3863 312 3916 nornine
330 3865 418 3919 ormb
489 3866 700 3937 Bconplatione
719 3866 757 3920 P¹
831 3866 957 3921 crectab
1030 3866 1174 3935 dispicitur
1192 3863 1234 3919 Sd
1252 3863 1352 3934 desipi-

202 3955 249 4005 tur
265 3951 297 4005 in
314 3968 365 4022 cup.
384 3970 419 4007 m.
435 3954 502 4022 2R,
520 3954 552 4009 in
571 3960 647 4010 tectu
665 3956 816 4026 despicitur
897 3956 1052 4025 bassurgit
1071 3954 1162 4010 PRbd
1239 3952 1269 4006 11
1291 3970 1353 4022 pro-

202 4042 278 4110 priae
295 4041 324 4095 R
378 4042 511 4112 figuratae
525 4044 589 4099 Em
626 4046 659 4099 12
678 4044 777 4100 eaPR
815 4046 849 4099 14
868 4046 1078 4115 figurataeE¹S
1115 4045 1147 4098 15
1166 4044 1289 4115 propriae
1303 4043 1357 4099 RS

201 4130 339 4199 possetS
408 4132 579 4201 quae-ratri
637 4134 670 4189 16
689 4133 800 4189 adiutus
819 4150 870 4189 om.
890 4134 929 4188 E¹
992 4132 1023 4187 18
1042 4132 1155 4199 neQuce
1175 4136 1220 4203 (ne
1238 4148 1260 4186 s.
1281 4132 1298 4187 l.
1319 4150 1352 4187 m.

204 4216 305 4271 lodd.
325 4223 351 4271 ct
369 4234 385 4272 a
403 4218 520 4287 expuit*
596 4220 638 4274 ite
655 4220 725 4275 banc
744 4220 783 4275 bd
862 4237 950 4290 cupra
970 4220 1050 4275 aliam
1070 4221 1135 4275 add.
1155 4238 1189 4275 m.
1209 4220 1226 4274 2
1244 4220 1307 4275 uide
1326 4222 1355 4277 R

201 4305 329 4375 ponenda
346 4306 386 4361 E¹
457 4307 493 4361 22
512 4307 676 4379 dispotendo
694 4310 723 4363 P
798 4310 833 4363 24
852 4308 1103 4365 inconmutabiliter
1120 4309 1151 4363 E
1225 4310 1260 4363 25
1280 4324 1352 4362 croa-

201 4396 279 4449 tnraa
298 4396 337 4465 et]
356 4398 480 4450 creatura
498 4399 541 4451 est
558 4396 596 4450 Ρι
650 4398 685 4451 26
704 4414 795 4463 eorum
814 4398 878 4453 E¹S
