3159 4950
450 471 492 527 de
524 473 666 528 Genesi
695 474 738 528 ad
766 475 948 530 litteram
977 476 1042 531 lib.
1070 477 1103 531 X.
1284 483 1347 546 311

205 667 320 747 stituti,
345 687 407 734 non
431 672 549 734 utnon
569 669 661 736 sitin
681 687 788 735 eorum
815 689 953 753 corpore,
979 671 1131 754 quamdiu
1154 672 1201 738 ita
1218 675 1351 740 mortale

205 778 264 851 est,
296 777 334 840 ut
366 777 398 840 et
429 777 591 840 mortuum
622 775 690 842 iure
723 761 861 855 dicatur,
890 775 946 842 sed
977 780 1015 842 ut
1045 797 1108 844 non
1134 782 1255 864 regnet.
1288 799 1351 846 non

205 885 310 947 autem
333 888 454 966 regnat,
474 901 547 947 cnm
570 881 737 948 desideriis
760 881 840 960 eius,
859 882 893 947 id
916 885 966 974 est
987 883 1048 962 his,
1072 903 1151 966 quae
1175 884 1349 950 secundum

205 1007 330 1054 carnem
354 992 462 1055 contra
480 988 627 1071 spiritum
645 990 924 1074 concupiscuntur,
943 1009 1006 1056 non
1025 990 1200 1056 oboeditur.
1219 990 1350 1074 proinde

174 1097 368 1178 sepostolus
400 1094 556 1178 numquid
588 1097 652 1162 ait:
685 1113 747 1160 non
776 1095 819 1161 sit
844 1099 1014 1179 peceatum
1034 1098 1068 1162 in
1091 1102 1198 1162 uestro
1223 1096 1351 1162 mortali

140 1273 143 1280 ,
205 1221 333 1285 corpore
355 1239 402 1252 ·-
423 1203 544 1268 sciebat
563 1203 680 1288 quippe
703 1203 810 1270 inesse
831 1203 956 1287 peceati
980 1203 1234 1278 delectationem,
1254 1221 1350 1286 quam

204 1316 371 1392 peccatum
401 1313 507 1386 uocat,
540 1309 712 1392 deprauata
743 1308 867 1374 scilicet
898 1328 934 1374 er
965 1309 1067 1394 prima
1098 1310 1349 1395 transgressione

205 1418 316 1482 natura
338 1451 381 1464 -
405 1415 471 1494 sed,
500 1435 581 1494 non,
608 1413 723 1497 iuquit,
756 1418 889 1500 regnet
920 1419 1118 1500 peccatum
1149 1416 1187 1480 iu
1219 1418 1349 1481 uestro

204 1523 356 1604 mortali
379 1542 535 1606 corpore
558 1523 601 1588 ad
625 1522 902 1590 oboediendum
927 1522 1131 1588 desideriis
1156 1523 1248 1599 eius,
1282 1540 1351 1588 uec

161 1651 186 1690 ιο
206 1629 417 1699 exhibeatis
445 1631 609 1696 membra
635 1634 766 1697 uestra
794 1648 894 1695 arma
924 1628 1146 1713 iniquitatis
1169 1632 1348 1712 peccato?

251 1737 516 1821 resecandum
552 1738 632 1804 hanc
669 1737 861 1805 sententiam
898 1755 955 1802 uec
985 1756 1053 1802 rem
1088 1736 1350 1802 absurdissimam

205 1843 350 1921 dicimus,
375 1844 459 1928 quod
491 1863 562 1910 caro
595 1845 662 1910 sine
696 1843 802 1910 anima
832 1843 1047 1926 concupiscat,
1074 1861 1131 1908 nec
1154 1842 1349 1908 Manichaeis

205 1950 430 2028 consentimus,
456 1951 510 2033 qui
533 1969 605 2016 cum
621 1940 776 2016 'uiderent
797 1966 859 2016 non
882 1969 978 2034 posse
1001 1968 1126 2015 carnem
1150 1950 1217 2016 sine
1244 1950 1350 2016 anima

204 2057 426 2141 concupiscere
445 2057 540 2126 uliam
559 2056 716 2140 quandam
740 2057 877 2122 animum
901 2075 993 2121 suam
1016 2076 1051 2121 er
1070 2057 1134 2122 alia
1154 2059 1267 2144 natura
1290 2056 1348 2131 deo

161 2185 187 2224 rs
204 2163 359 2227 contraria
372 2181 495 2228 carnem
511 2161 627 2228 habere
645 2165 850 2246 putauerunt,
869 2161 952 2226 unde
973 2161 1177 2244 concupiscat
1195 2161 1348 2228 aduersus

204 2269 360 2352 spiritum.
392 2287 451 2336 nec
487 2270 583 2336 alicui
619 2269 742 2352 animae
774 2288 837 2335 non
874 2287 945 2334 esse
981 2270 1192 2336 necessariam
1230 2269 1349 2336 Christi

203 2376 337 2460 gratiam
360 2375 463 2442 dicere
481 2377 636 2462 cogimur,
656 2395 729 2442 cum
749 2374 866 2440 dicitur
883 2375 989 2442 nobis:
1014 2375 1091 2458 quid
1108 2375 1227 2441 meruit
1244 2375 1351 2441 anima

203 2482 343 2561 infantis,
367 2483 451 2549 unde
473 2484 522 2548 illi
544 2482 757 2567 perniciosum
778 2483 821 2547 sit
838 2502 901 2547 uon
918 2485 1067 2568 percepto
1091 2482 1254 2548 chmstiani
1271 2482 1350 2565 bap·
1390 2504 1391 2507 ¹

203 2586 291 2653 tismi
323 2592 521 2656 sacramento
553 2589 635 2654 exire
668 2587 706 2653 ds
738 2606 878 2672 corpore,
903 2588 931 2651 si
953 2606 1012 2653 uec
1034 2588 1195 2672 proprium
1218 2588 1350 2671 aliquod

159 2718 185 2758 ro
202 2699 369 2776 peccatum
401 2696 562 2763 commisit
592 2714 651 2761 neo
681 2713 719 2760 er
750 2694 808 2759 illa
839 2706 899 2774 est,
932 2714 1013 2777 quae
1043 2695 1077 2759 in
1108 2694 1211 2761 Adam
1246 2696 1351 2780 prima

202 2802 368 2882 peccauit?

245 2906 317 2973 Non
340 2908 424 2975 enim
452 2909 490 2975 de
517 2908 624 2991 pueris
653 2907 888 2993 grandiusculis
916 2907 1053 2993 agimus,
1077 2909 1193 2991 quibus
1218 2909 1348 2994 quidem

202 3016 367 3097 peceatum
399 3014 561 3098 proprium
593 3016 707 3080 nolunt
747 3014 925 3080 adtribuere
958 3016 1088 3097 quidam
1117 3016 1179 3083 nisi
1206 3016 1246 3081 ab
1273 3016 1349 3081 anni

202 3122 307 3201 quarti
329 3121 444 3188 decimi
468 3122 612 3199 articulo,
637 3139 709 3186 cnm
734 3123 908 3206 pubescere
931 3123 1101 3207 coeperint.
1125 3122 1211 3207 quod
1233 3123 1347 3187 merito

156 3226 410 3307 recrederemus,
435 3228 463 3294 si
486 3229 573 3294 nulla
597 3232 704 3295 essent
725 3231 866 3312 peccata,
890 3228 953 3294 uisi
975 3248 1055 3313 quae
1082 3230 1233 3296 membris
1260 3229 1347 3314 geni·

203 3334 320 3399 talibus
353 3335 574 3401 admittuntur.
608 3335 679 3419 quis
712 3355 787 3401 uero
815 3336 932 3401 audeat
958 3335 1121 3401 adfirmare
1143 3337 1238 3413 furta
1261 3356 1347 3401 men·

203 3440 301 3520 dacia,
332 3442 470 3525 periuria
501 3460 562 3507 nou
596 3462 667 3507 esse
698 3445 840 3528 peccata,
868 3444 931 3508 nisi
958 3443 1113 3526 qui'talia
1135 3444 1209 3508 uult
1230 3444 1346 3524 inpune

203 3548 425 3614 committere?
454 3552 488 3614 at
514 3550 565 3615 his
593 3550 688 3632 plena
715 3552 765 3615 est
790 3549 923 3633 puerilis
951 3554 1048 3628 aetas,
1072 3551 1220 3633 quamuis
1243 3550 1275 3614 in
1299 3550 1346 3615 eis

290 3734 307 3790 8
325 3738 404 3793 Rom.
424 3740 449 3803 6,
469 3740 510 3793 12.
532 3739 564 3794 13

238 3853 329 3907 lnon
353 3858 417 3908 onte
441 3856 473 3907 ut
497 3870 519 3909 s.
544 3854 561 3909 l.
584 3870 619 3909 m.
638 3852 695 3907 IS
802 3854 922 3923 quandiu
939 3855 968 3909 P
1055 3856 1195 3927 6peccati
1214 3857 1346 3911 inesseS

203 3940 478 4012 ltransgressionem
499 3946 536 4011 (m
556 3958 668 4012 repca
690 3943 763 4009 11Ρ
810 3943 937 4013 ssinquid
955 3944 994 4000 13¹
1041 3945 1072 3999 11
1093 3945 1162 4001 hano
1182 3951 1209 4013 (u
1228 3963 1251 4003 s.
1271 3948 1289 4001 t.
1309 3964 1342 4001 m.

203 4029 276 4095 1111
365 4031 541 4100 seutentiam]
561 4034 657 4085 senten
675 4032 708 4085 iss
720 4032 780 4101 fiae
802 4031 940 4087 nemu
1027 4032 1248 4089 absurdissimam
1266 4035 1296 4105 (d
1313 4036 1346 4089 in

201 4126 267 4183 rae.)
285 4118 314 4174 R
369 4119 401 4172 12
420 4114 569 4174 manicheis
587 4118 694 4175 EPRS
756 4121 790 4174 lt
809 4120 957 4175 contraria·
971 4124 1009 4189 (m
1027 4124 1109 4189 eras)
1126 4120 1155 4176 R
1174 4122 1345 4177 contraritb

202 4208 393 4279 concupiscant
409 4210 438 4263 P
490 4209 525 4263 24
544 4224 602 4263 curn
622 4207 780 4280 pubescere]
802 4207 1035 4279 conpubescereS
1087 4211 1122 4264 25
1140 4211 1268 4268 membris
1286 4228 1308 4267 s.
1324 4213 1342 4267 l.

201 4312 235 4352 m.
254 4302 269 4351 1
287 4296 311 4351 S
399 4298 433 4351 26
452 4296 645 4352 ammittuntur
661 4297 727 4353 PR¹
819 4298 853 4351 27
872 4297 992 4367 pe-iuria
1011 4303 1034 4367 (r
1051 4316 1072 4354 s.
1092 4300 1110 4356 l.
1129 4317 1163 4354 m.
1182 4306 1198 4355 1
1216 4302 1298 4365 aas.)
1316 4302 1346 4355 E

201 4384 235 4439 28
253 4385 373 4455 puerulis
392 4386 422 4440 Ε
