3159 4950
228 458 293 522 362
582 454 610 507 S.
638 453 776 508 Aureli
805 452 1025 524 Augustini

228 654 279 716 est
310 652 405 717 stilus
436 650 569 715 mendax
601 649 791 727 scribarum3
825 668 927 732 neque
965 651 1048 714 enim
1086 668 1157 714 esse
1193 650 1377 715 mendacem

227 757 365 841 pertinet
381 757 445 822 uisi
463 757 503 821 ad
521 756 686 821 uiuentem
705 759 801 839 atque
825 756 1015 821 sentientem
1031 803 1039 820 .
1055 756 1111 821 sed
1131 757 1226 822 stilus
1244 757 1377 821 mendax

228 862 334 928 dictus
353 867 413 940 est,
429 863 514 946 quod
531 883 587 945 per
605 882 678 927 eum
697 863 830 928 mendax
849 862 1043 928 mendaciter
1057 868 1212 947 operetur,
1228 863 1376 946 quemad-

228 968 359 1033 modum
382 969 409 1034 si
433 973 466 1035 et
487 968 549 1035 iste
573 988 701 1053 serpeus
726 970 859 1035 mendax
882 970 1049 1047 diceretur,
1070 970 1155 1053 quod
1174 989 1211 1035 eo
1231 970 1376 1035 diabolus

227 1079 391 1157 tamquam
414 1076 490 1141 stilo
514 1076 708 1141 mendaciter
730 1080 881 1141 uteretur.
1408 1110 1421 1149 ⁵

273 1182 345 1248 Hoc
366 1182 439 1248 ideo
464 1182 748 1248 commendandum
776 1182 900 1266 putaui,
924 1202 964 1247 ne
988 1182 1158 1266 quisquam
1195 1182 1377 1248 existimans

230 1288 402 1353 animantia
427 1290 559 1354 rationis
587 1290 726 1372 expertia
752 1290 929 1354 humanum
956 1290 1072 1355 habere
1100 1288 1301 1355 intellectum
1324 1288 1377 1354 uel

229 1395 261 1459 in
276 1395 393 1459 animal
406 1396 560 1460 rationale
573 1399 702 1479 repente
717 1396 833 1461 mutari
850 1396 1020 1460 seducatur
1038 1396 1070 1459 in
1089 1395 1179 1460 illam
1198 1394 1377 1478 opinionem

229 1501 396 1567 ridiculam
425 1505 458 1568 et
484 1502 609 1567 noxiam
636 1502 847 1568 renotationis
877 1503 1052 1566 animarum
1081 1502 1134 1567 uel
1157 1501 1323 1567 hominurn
1345 1501 1377 1563 in

229 1609 351 1674 bestias
373 1610 426 1674 uel
449 1609 481 1673 iu
503 1609 650 1675 homines
669 1609 853 1675 bestiarum.
873 1608 920 1675 sic
939 1628 1013 1693 ergo
1032 1610 1161 1675 locutus
1179 1613 1231 1674 est
1249 1627 1377 1691 serpens
1398 1634 1423 1673 ro

230 1716 363 1794 homini,
388 1717 473 1781 sicut
495 1716 594 1794 asina,
611 1716 645 1780 in
663 1735 726 1799 qua
744 1716 876 1781 sedebat
892 1716 1034 1793 Balaam,
1054 1716 1162 1781 locuta
1181 1716 1230 1780 est
1247 1715 1378 1793 homiui,

231 1823 294 1888 nisi
318 1822 403 1905 quod
426 1823 507 1888 illud
532 1842 613 1905 opus
636 1822 698 1886 fuit
721 1822 925 1899 diabolicum,
955 1824 1015 1889 hoc
1038 1822 1229 1907 angelicum.
1262 1821 1380 1885 habent

232 1931 316 1996 enim
340 1932 494 2014 quaedam
517 1930 592 1995 boni
616 1934 649 1994 et
670 1930 746 1994 mali
765 1930 869 2013 angeli
890 1948 985 2011 opera
1004 1930 1131 2007 similia,
1152 1929 1237 1993 sicut
1249 1930 1378 2011 Moyses

233 2043 265 2104 et
286 2038 374 2123 magi
388 2037 571 2105 Pharaonis.
595 2056 706 2101 uerum
731 2036 762 2100 in
786 2036 836 2101 his
853 2036 949 2101 etiam
967 2036 1044 2102 boui
1062 2036 1167 2121 angeli
1186 2036 1378 2119 potentiores

233 2149 308 2212 sunt
329 2165 388 2211 nec
410 2146 486 2210 mali
506 2144 611 2229 angeli
630 2144 726 2209 etiam
746 2144 860 2208 talium
880 2162 1010 2226 operum
1035 2143 1206 2225 quidquam
1232 2146 1378 2225 possunt,
1400 2166 1426 2207 rs

232 2254 294 2318 nisi
322 2252 408 2335 quod
435 2252 618 2336 perbonos
645 2251 776 2334 angelos
805 2250 986 2333 permiserit
1014 2250 1103 2327 deus,
1128 2253 1165 2315 ut
1187 2250 1380 2314 retribuatur

232 2360 404 2443 unicuique
441 2357 618 2424 secuudum
654 2375 709 2421 cor
745 2356 814 2420 eius
852 2356 904 2419 uel
938 2354 1113 2419 secundum
1157 2354 1291 2439 gratiam
1329 2354 1378 2419 dei

233 2472 405 2549 utrumque
437 2466 522 2530 iuste
555 2483 591 2529 ac
623 2463 759 2548 benigne
791 2483 847 2546 per
879 2461 1081 2528 altitudinem
1115 2461 1298 2527 diuitiarum
1332 2481 1379 2526 sa-

233 2575 371 2659 pientiae
395 2575 428 2637 et
450 2571 601 2637 scientiae
625 2570 685 2635 dei.

279 2682 333 2744 30.
372 2678 477 2742 Dixit
512 2696 586 2761 ergo
623 2695 779 2760 serpens
817 2674 983 2740 mulieri:
1022 2675 1112 2758 quid
1160 2676 1249 2757 quia
1286 2674 1425 2742 dixitso

236 2786 343 2850 deus:
376 2804 446 2849 non
481 2783 603 2849 edetis
638 2782 680 2846 ab
715 2782 814 2848 omni
847 2783 952 2866 ligno
986 2781 1175 2866 paradisi?
1213 2785 1249 2846 et
1286 2781 1380 2846 dixit

234 2892 372 2958 mulier
395 2891 578 2973 serpenti:
603 2910 622 2954 a
643 2890 772 2954 fructu
796 2889 903 2974 ligni,
929 2889 1026 2972 quod
1051 2889 1168 2954 estin
1192 2889 1379 2972 paradiso,

236 3000 404 3073 adamum
438 2998 482 3062 dc
515 2998 641 3062 fructu
676 3000 802 3061 autem
834 2997 942 3080 ligni,
976 2997 1074 3080 quod
1107 2997 1228 3062 estin
1257 2995 1379 3059 medio

235 3105 414 3189 paradisi,
439 3104 537 3169 dixit
559 3104 663 3168 deus:
689 3122 759 3168 non
784 3103 907 3167 edetis
932 3123 973 3167 ex
997 3122 1038 3167 eo
1063 3121 1183 3185 neque
1211 3099 1380 3186 tangetis

235 3212 344 3288 illud,
377 3230 421 3274 ue
454 3210 677 3275 moriamini.
710 3209 782 3274 ideo
815 3209 904 3292 prius
936 3208 1146 3293 interrogauit
1188 3227 1316 3291 serpens
1349 3209 1426 3277 etas

234 3318 399 3400 respoudit
412 3319 473 3382 hoc
487 3318 611 3394 mulier,
630 3320 667 3381 ut
685 3317 912 3399 praeuaricatio
933 3320 1018 3381 esset
1036 3315 1260 3380 inexcusabilis
1279 3331 1380 3396 neque

326 3542 357 3595 ll
379 3541 413 3594 ci.
431 3539 513 3595 Num.
532 3541 576 3603 22,
595 3539 630 3593 28
687 3539 720 3592 13
739 3537 772 3593 ci.
793 3537 875 3593 Exod.
897 3539 922 3601 7,
943 3539 984 3594 10.
1005 3539 1036 3592 11
1095 3539 1129 3594 18
1143 3539 1175 3592 ci.
1190 3539 1269 3593 Rom.
1291 3539 1332 3602 11,
1347 3537 1381 3592 33

240 3630 274 3685 20
294 3629 360 3684 Gen.
380 3631 405 3693 3,
427 3629 495 3682 1-3

272 3754 390 3823 totque
410 3753 573 3806 sentientem
592 3752 680 3804 om.P
731 3749 975 3806 dmendatiterS¹
1048 3749 1282 3820 quemammodum
1294 3749 1382 3804 11113ι

236 3842 301 3897 aa
319 3841 414 3897 συιδ*
483 3839 757 3894 documendaudum
775 3839 804 3895 R
876 3840 1031 3894 oracionis
1054 3841 1082 3895 R
1174 3834 1383 3908 ernest-aiau

178 3915 182 3923 ⁵
237 3930 370 3986 8animal
389 3930 534 3999 rationale]
554 3931 645 3983 anima
662 3927 839 3982 rationaleS
922 3932 1028 3981 mutare
1047 3927 1084 3980 Ρ1
1170 3925 1386 3996 oppinionemS

237 4021 457 4075 dreuolutioueu
474 4019 502 4073 P
593 4018 793 4072 lanariorum
812 4015 851 4070 P¹
932 4033 992 4086 cap.
1011 4016 1086 4070 XXX
1102 4017 1133 4070 Ε
1210 4017 1339 4087 loquutus
1357 4016 1385 4071 P

239 4111 270 4164 11
290 4109 381 4163 balam
399 4109 427 4161 P
481 4109 513 4161 12
532 4107 586 4161 fuit
605 4125 673 4178 opus
692 4108 729 4162 dd
784 4108 817 4160 15
837 4107 897 4176 neo]
912 4107 951 4160 sat
971 4106 1004 4174 (tr
1021 4107 1053 4160 in
1071 4109 1139 4174 rae.)
1158 4105 1186 4162 R
1240 4105 1384 4176 quicquam

238 4196 390 4269 operumS
459 4197 603 4266 quiequam
622 4195 671 4251 Su
763 4195 797 4248 18
815 4195 904 4249 iustae
924 4193 959 4246 P²
1044 4195 1076 4247 19
1096 4199 1124 4247 et
1143 4193 1275 4247 scientiae
1293 4193 1384 4249 ome

238 4287 273 4340 20
291 4285 399 4339 mulieri
418 4285 439 4349 (i
456 4284 712 4354 fiu.ecem.1)P
759 4285 792 4338 21
810 4283 932 4355 editisP
980 4283 1014 4336 22
1029 4284 1154 4353 serpente
1167 4281 1204 4334 Ρι
1266 4281 1387 4336 fruch

238 4373 273 4428 23
293 4373 432 4426 edirnusb
486 4373 520 4427 24
540 4373 665 4443 paradiso
683 4372 766 4427 EPR
839 4371 1004 4440 contingetis
1023 4371 1051 4424 P
1104 4371 1138 4424 26
1157 4370 1241 4442 head
