3159 4950
240 488 305 551 406
591 485 618 538 S.
645 485 783 538 Aureli
811 485 1034 555 Augustini

240 680 381 746 dolorem
403 700 464 746 non
490 682 575 744 esset
597 698 760 762 passurus,
786 678 842 745 sed
866 681 967 745 solius
990 681 1078 745 illius
1102 682 1221 747 uiscosi
1244 681 1385 748 humoris

239 787 433 863 molestiam
449 789 544 869 atque
562 786 609 849 ita
628 788 775 850 secutum
794 789 865 851 est.
881 806 939 852 neo
958 806 1112 869 umquam
1131 788 1228 852 talem
1248 789 1386 871 aliquam

239 899 351 977 postea
382 912 496 977 passus
529 895 578 957 est
615 892 813 957 auersionem
851 893 968 958 mentis
1001 913 1020 957 a
1052 894 1199 961 sensibus
1233 914 1290 960 nee
1323 895 1386 960 talc

240 1000 361 1083 aliquid
383 1000 466 1064 uidit
488 1000 549 1065 uisi
574 1003 666 1064 antea
689 1019 762 1065 eum
785 1001 817 1064 in
842 1000 956 1065 mediis
981 1001 1143 1067 doloribus
1168 1005 1201 1066 et
1222 1002 1386 1067 horrendis

240 1108 374 1173 uocibus
388 1109 517 1190 repente
532 1107 753 1171 obmutescens
773 1107 979 1191 abriperetur.
1003 1110 1115 1191 postea
1128 1110 1233 1173 tamen
1253 1108 1385 1175 medicis
1417 1134 1430 1175 e

239 1218 343 1280 cetera
375 1214 558 1279 curantibus
583 1217 616 1280 et
639 1214 825 1279 sanantibus
858 1234 920 1281 non
953 1214 1127 1298 permansit
1157 1216 1189 1280 in
1223 1216 1385 1299 proposito

240 1322 429 1387 sanctitatis.

286 1431 338 1495 18.
366 1428 506 1492 Istorum
538 1425 701 1491 uisionum
734 1430 767 1491 et
799 1426 1031 1493 diuinationum
1065 1446 1177 1494 causas
1210 1432 1243 1493 et
1274 1428 1386 1495 modos

239 1535 399 1618 uestigare
427 1533 456 1598 si
484 1532 555 1615 quis
582 1536 690 1615 potest
717 1536 866 1615 certoque
896 1534 1157 1617 conprehendere,
1182 1555 1254 1601 eum
1283 1536 1386 1619 magis

241 1641 349 1706 audire
373 1642 491 1706 uellem
514 1639 666 1723 quamde
686 1659 737 1705 me
757 1640 923 1723 expectari,
943 1644 979 1705 ut
997 1640 1066 1724 ipse
1086 1641 1282 1707 dissererem.
1309 1640 1385 1725 quid
1408 1672 1433 1709 ιο

239 1751 344 1811 tamen
377 1750 497 1830 putem,
525 1747 572 1810 ita
598 1748 636 1810 ut
662 1765 720 1811 nec
748 1746 835 1810 docti
867 1766 917 1811 me
950 1751 1113 1830 tamquam
1147 1747 1385 1813 confirmantem

240 1853 404 1919 derideant
420 1872 479 1918 nec
496 1852 618 1918 indocti
634 1856 797 1935 tamquam
818 1852 982 1918 docentem
1004 1853 1170 1937 accipiant,
1187 1854 1242 1919 sed
1261 1854 1386 1938 utrique

241 1961 471 2043 disceptantem
517 1961 549 2024 et
595 1961 796 2041 quaerentem
840 1960 947 2043 potius
990 1980 1085 2042 quam
1123 1960 1286 2048 scientem,
1325 1980 1386 2025 non

241 2066 419 2132 occultabo.
453 2085 512 2150 ego
544 2065 615 2130 uisa
648 2065 709 2129 ista
742 2065 849 2129 omnia
880 2066 959 2131 uisis
990 2085 1125 2149 conparo
1150 2068 1386 2135 somniantium.

241 2174 324 2239 sicut
357 2172 440 2237 enim
473 2171 641 2255 aliquando
674 2176 707 2236 et
738 2172 816 2247 lraec
849 2171 939 2250 falsa,
974 2172 1143 2255 aliquando
1177 2176 1283 2237 autem
1312 2192 1387 2238 uera
1406 2198 1431 2239 re

241 2283 326 2359 sunt,
359 2278 527 2362 aliquando
560 2278 752 2360 perturbata,
777 2276 947 2361 aliquando
975 2280 1154 2362 tranquilla,
1179 2278 1248 2363 ipsa
1281 2282 1387 2345 eutem

240 2406 317 2451 uere
345 2384 512 2469 aitquando
540 2384 657 2449 futuris
685 2384 812 2450 omnino
841 2384 959 2449 similia
987 2386 1038 2449 uel
1066 2388 1172 2469 aperte
1206 2384 1299 2461 dieta,
1332 2383 1388 2450 ali-

242 2492 365 2578 quando
385 2493 529 2558 obscuris
548 2491 834 2576 significationibus
851 2495 884 2556 et
899 2492 990 2573 quasi
1009 2492 1153 2577 figuratis
1172 2492 1387 2559 locutionibus

238 2599 466 2683 praenuntiata,
483 2599 529 2664 sic
545 2598 641 2681 etiam
655 2598 712 2661 illa
726 2597 840 2663 omnia.
866 2598 923 2663 sed
938 2603 1046 2664 amant
1064 2599 1207 2664 homiues
1226 2601 1388 2681 inexperta

239 2707 346 2770 mirari
379 2709 411 2770 et
443 2724 555 2770 causas
587 2704 788 2770 insolitorum
820 2705 989 2788 requirere,
1024 2723 1098 2770 cum
1132 2705 1290 2770 cotidiana
1323 2705 1388 2788 pie·
1406 2729 1432 2768 aa

240 2832 373 2897 mmque
396 2813 474 2876 talia
497 2829 591 2894 saepe
611 2811 706 2876 etiam
725 2810 903 2876 latentioris
923 2811 1053 2896 originis
1073 2831 1166 2878 nosse
1185 2831 1246 2877 non
1268 2815 1387 2878 curent.

241 2941 314 2986 nam
347 2918 613 3003 quemadmodum
645 2918 676 2982 in
710 2919 853 2996 uocibus,
888 2919 947 2983 hoc
981 2921 1031 2984 est
1063 2919 1172 3003 signis,
1207 2921 1323 3002 quibus
1354 2920 1387 2984 in

240 3025 397 3110 loquendo
421 3024 550 3101 utimur,
574 3022 682 3088 audito
706 3023 804 3089 uerbo
828 3023 978 3089 inusitato
1004 3027 1158 3106 quaerunt
1180 3025 1291 3108 primo,
1311 3023 1388 3108 quid

242 3134 294 3213 sit,
327 3132 386 3197 hoc
420 3133 470 3196 est
501 3130 577 3214 quid
609 3130 777 3215 significet,
812 3150 874 3213 quo
909 3131 1035 3216 cognito
1076 3131 1188 3196 deinde
1222 3135 1387 3214 quaerunt,

241 3240 324 3305 unde
346 3239 392 3303 ita
416 3237 536 3302 dictum
557 3238 611 3315 sit,
637 3256 709 3302 cum
733 3241 798 3301 tam
822 3238 924 3302 multa
947 3238 1014 3302 sine
1039 3257 1113 3303 cura
1135 3238 1287 3312 nesciant,
1308 3257 1387 3320 quae
1407 3262 1434 3302 ae

241 3348 273 3411 in
297 3365 358 3411 usu
383 3344 537 3410 sermonis
561 3343 688 3422 hebent,
712 3344 796 3409 unde
819 3344 865 3410 ita
888 3344 953 3409 sint
977 3344 1076 3409 dicta:
1102 3344 1147 3409 sio
1171 3362 1243 3409 oum
1267 3344 1387 3427 aliquid

277 3521 290 3574 1
311 3518 412 3574 uiaeuai
430 3518 458 3573 P
545 3518 677 3588 dpostea
694 3533 746 3573 om.
765 3517 803 3573 P¹
894 3519 1093 3585 auersnsioncm
1119 3520 1160 3587 (su
1185 3536 1244 3589 exp.
1264 3535 1298 3574 m.
1317 3523 1343 3588 1)
1361 3519 1390 3574 P

241 3609 340 3679 Inisi]
359 3606 467 3663 sicutS
484 3607 563 3676 quale
579 3607 617 3660 bd
688 3607 795 3676 antejjea
809 3608 836 3661 P
907 3607 1027 3662 orrendis
1041 3608 1069 3662 P
1121 3609 1348 3663 bommuteseens
1361 3608 1390 3663 P

243 3699 412 3770 abriperetur
436 3701 475 3764 (re
497 3713 519 3752 s.
543 3697 561 3751 1.
581 3697 708 3758 m.1)R
772 3742 775 3745 .
799 3697 815 3751 8
834 3713 895 3766 cap.
914 3697 1017 3753 XXXII
1034 3697 1065 3752 E
1168 3697 1344 3752 denInationu
1362 3697 1391 3752 P

243 3786 339 3840 modus
356 3785 384 3839 P
426 3784 697 3854 conpraehendere
714 3785 771 3840 ΕΡ
822 3785 854 3840 10
874 3787 1017 3841 dIsererern
1038 3786 1075 3841 Ρ1
1097 3787 1256 3842 disseramb
1302 3789 1334 3842 11
1348 3787 1389 3842 itu

242 3892 265 3928 a.
284 3875 302 3930 1.
321 3891 355 3928 m.
375 3877 395 3928 2
414 3873 480 3928 aad.
502 3877 530 3930 oi
549 3874 613 3942 ista)
633 3875 663 3928 E
730 3875 763 3928 13
783 3879 811 3929 et
829 3892 880 3932 om.
901 3877 928 3931 P
998 3879 1155 3946 querentem
1174 3877 1202 3930 P
1275 3877 1308 3930 14
1326 3892 1387 3946 cap.

242 3961 358 4016 XXXIII
376 3963 407 4016 E
469 3965 503 4017 15
523 3963 735 4034 et-aliquando
754 3966 785 4018 ἐπ
804 3981 855 4034 naq.
873 3966 954 4033 iasar.
975 3965 1040 4019 odd.
1058 3983 1092 4019 m.
1112 3969 1128 4018 1
1145 3965 1173 4018 P
1232 3965 1265 4019 16
1285 3969 1388 4035 pertur-

241 4051 307 4106 bata
325 4055 389 4117 sunt
407 4053 437 4105 Ε
490 4052 522 4106 17
542 4055 637 4121 aperta
655 4052 679 4108 S
731 4053 764 4110 18
784 4059 881 4108 contro
900 4053 1019 4108 obscuris
1044 4052 1136 4124 signit.
1154 4054 1186 4107 a'n
1204 4069 1255 4124 nup.
1276 4053 1341 4109 odd.
1360 4057 1390 4110 ad

243 4139 486 4207 obscurationibus)
506 4141 561 4197 PR
652 4143 684 4195 19
708 4143 901 4211 praenuntiata
924 4146 1055 4213 (praennn
1073 4146 1194 4197 m.1ex
1215 4143 1342 4212 figurata)
1360 4143 1392 4198 Ε

243 4231 277 4283 20
296 4229 398 4299 mirari]
419 4230 509 4282 rimari
525 4230 766 4300 (dimitteres.)
783 4231 833 4286 Ro
939 4231 1089 4286 cottidIana
1105 4229 1157 4286 ES
1174 4230 1345 4301 quottidiana
1362 4231 1390 4285 P

241 4319 274 4372 al
295 4333 359 4387 sepe
377 4318 405 4371 P
466 4319 501 4372 22
521 4318 755 4388 quemammodum
774 4319 851 4374 Pus
931 4320 959 4374 in
973 4319 1025 4389 fia.
1045 4331 1097 4374 om.
1116 4319 1208 4374 PRbd
1281 4320 1316 4374 24
1336 4321 1388 4390 est]

242 4407 305 4460 etb
359 4407 394 4460 26
412 4406 519 4461 ususS
588 4407 668 4478 unde]
688 4409 815 4462 ntrumb
889 4409 927 4464 sic
946 4409 1017 4478 oum]
1036 4409 1059 4462 si
1078 4417 1110 4462 cu
1129 4408 1157 4461 P
1174 4409 1230 4462 sicu
1249 4407 1276 4462 R
