3159 4950
252 495 317 559 396
609 494 636 547 S.
660 492 798 547 Aureli
825 492 1041 561 Augustini

252 688 366 772 spiritu
393 692 557 772 tamquam
586 687 698 753 oculis.
731 706 805 751 nam
834 687 953 771 experti
981 706 1092 753 sumus
1122 686 1168 751 sic
1196 685 1338 751 adfectos
1367 686 1400 749 et

253 817 326 863 cum
359 796 405 860 eis
436 797 573 873 locutos,
606 795 661 877 qui
693 814 768 859 uere
802 794 941 871 aderant,
974 798 1008 858 et
1039 813 1111 859 cum
1144 792 1225 871 aliis,
1255 791 1309 875 qui
1337 810 1398 855 nou

252 903 391 975 aderam,
405 904 568 984 umquam
587 901 745 966 adessent.
769 900 993 984 resipiscentes
1014 904 1121 966 autem
1136 899 1235 982 aliqui
1247 898 1398 976 referunt,

252 1010 337 1095 quod
355 1010 522 1087 uidissent,
541 1008 640 1091 aliqui
657 1027 719 1073 non
736 1010 886 1090 possunt;
912 1008 959 1073 sic
977 1007 1059 1073 enim
1080 1009 1112 1072 et
1130 1006 1252 1072 somnia
1270 1005 1398 1088 quidam

252 1117 496 1193 obliuisouutur‚
534 1115 663 1198 qnidam
700 1115 922 1179 meminerunt.
965 1112 1090 1197 quando
1127 1118 1234 1179 autem
1271 1113 1398 1196 penitus
1433 1134 1446 1175 s

252 1223 407 1288 auertitur
434 1226 529 1304 atque
557 1222 711 1305 abripitur
738 1221 835 1286 animi
861 1220 997 1286 intentio
1026 1240 1044 1285 a
1072 1220 1219 1286 sensibus
1248 1219 1398 1303 corporis,

251 1334 328 1395 tuuc
351 1329 454 1413 magis
478 1329 541 1393 dici
569 1328 685 1394 extasis
714 1330 808 1395 solet.
841 1331 919 1393 tuno
943 1328 1068 1393 omniuo
1092 1346 1312 1411 quaecumque
1336 1326 1401 1391 sint

252 1436 433 1521 praesentia
461 1455 591 1519 corpora
618 1434 715 1500 etiam
743 1435 927 1517 patentibus
956 1434 1058 1501 oculis
1086 1454 1148 1500 non
1171 1434 1320 1499 uidentur
1343 1450 1400 1497 nec

251 1543 338 1608 ullae
365 1560 463 1607 uoces
489 1561 620 1625 prorsus
649 1541 835 1607 audiuntur:
865 1544 953 1607 totus
982 1541 1081 1606 animi
1104 1541 1266 1606 contuitus
1290 1544 1347 1605 aut
1367 1540 1399 1603 in

253 1668 419 1733 corporum
450 1648 642 1733 imaginibus
675 1652 726 1715 est
756 1668 813 1732 per
850 1649 1025 1733 spiritalem
1062 1652 1118 1713 aut
1152 1649 1185 1713 in
1222 1648 1317 1713 rebus
1353 1647 1399 1711 in·
1419 1668 1445 1709 ro

253 1755 411 1839 corporeis
439 1755 528 1819 nulla
555 1755 695 1838 corporis
723 1754 861 1840 imagine
889 1755 1034 1841 figuratis
1062 1774 1119 1839 per
1149 1754 1399 1821 intellectualem

251 1864 419 1928 uisionem.

298 1969 361 2035 Sed
384 1988 457 2033 cum
480 1967 631 2050 spiritalis
653 1968 737 2035 uisio
755 1969 883 2052 penitus
903 1970 1037 2034 alienato
1057 1989 1075 2034 a
1094 1969 1241 2035 sensibus
1260 1970 1398 2053 corporis

253 2077 358 2142 animo
381 2074 575 2159 imaginibus
603 2076 815 2157 corporalium
844 2076 1004 2141 detinetur
1037 2076 1105 2141 siue
1129 2076 1160 2141 in
1185 2075 1305 2141 somnis
1330 2076 1398 2141 siue

253 2185 286 2249 in
319 2182 427 2259 extasi,
460 2182 489 2246 si
520 2181 600 2246 nibil
631 2182 822 2265 significant,
857 2202 936 2266 quae
969 2183 1127 2261 uidentur,
1151 2183 1253 2265 ipsius
1277 2183 1398 2248 animae
1418 2202 1444 2243 rs

253 2294 330 2356 sunt
359 2288 613 2373 imaginationes,
647 2288 733 2353 sicut
763 2290 859 2354 etiam
891 2289 1062 2374 uigilantes
1092 2293 1124 2355 et
1151 2289 1219 2355 sani
1247 2294 1281 2355 et
1312 2290 1400 2355 nulla

253 2395 441 2461 alienatione
468 2395 549 2459 moti
576 2396 750 2459 multorum
780 2415 957 2480 corporum,
983 2416 1064 2480 quae
1091 2414 1153 2462 non
1182 2395 1298 2462 adsunt
1330 2416 1399 2461 sen·

254 2503 343 2568 sibus
381 2502 534 2586 corporis,
578 2503 772 2587 cogitatione
809 2503 964 2588 imagines
1005 2507 1144 2569 uersaut.
1186 2523 1298 2570 uerum
1338 2505 1399 2570 hcc

251 2610 394 2688 interest,
428 2609 513 2692 quod
546 2629 599 2674 eas
626 2628 646 2672 a
675 2610 897 2692 praesentibus
928 2611 1077 2693 aerisque
1111 2611 1294 2693 corporibus
1327 2631 1399 2676 con·

255 2716 352 2781 stanti
371 2716 547 2781 adfectione
571 2714 763 2781 discernunt.
789 2717 816 2782 si
841 2721 946 2782 autem
971 2718 1091 2801 aliquid
1115 2717 1305 2804 significant,
1330 2719 1399 2784 siue
1416 2739 1442 2780 so

255 2822 484 2887 dormientibus
517 2821 723 2888 exhibeantur
754 2823 823 2887 siue
860 2823 1081 2909 uigilantibus,
1119 2845 1191 2890 curm
1229 2830 1262 2891 et
1298 2826 1399 2892 oculis

254 2927 365 2992 uident
399 2929 578 3011 praesentia
614 2949 745 3012 corpora
781 2934 815 2994 et
851 2930 1029 2996 absentium
1071 2931 1226 3017 imagines
1269 2937 1401 2998 cernunt

255 3034 379 3116 spiritu,
406 3037 570 3117 tamquam
599 3034 701 3100 oculis
728 3039 854 3119 praesto
884 3037 957 3115 sint,
986 3037 1056 3103 siue
1087 3038 1144 3104 illa
1175 3058 1255 3122 quae
1283 3039 1400 3104 extasis

257 3140 373 3205 dicitur
413 3141 548 3205 alienato
580 3161 709 3224 prorsus
742 3144 848 3208 animo
882 3163 900 3207 a
932 3145 1079 3210 sensibus
1117 3147 1267 3228 corporis,
1300 3147 1400 3211 mirus

255 3246 370 3313 modus
394 3251 457 3324 est,
481 3248 510 3312 si
533 3247 743 3313 conmixtione
766 3249 897 3314 alterium
921 3249 1053 3334 spiritus
1076 3251 1143 3316 fieri
1161 3254 1278 3334 potest,
1298 3255 1334 3316 ut
1353 3271 1399 3330 ea,
1418 3269 1444 3310 a

256 3371 343 3436 quae·
359 3354 429 3436 ipse
452 3355 527 3431 scit,
551 3373 608 3438 per
637 3355 734 3420 huius
763 3355 850 3420 modi
880 3356 1036 3441 imagines
1073 3359 1111 3432 ei.¹
1150 3359 1202 3422 cui
1238 3359 1399 3438 miscetur,

258 3461 414 3538 ostendat,
440 3461 509 3526 siue
532 3461 730 3545 intellegenti
749 3462 819 3526 siue
839 3466 877 3526 ut
894 3463 932 3528 ab
952 3464 1014 3529 alio
1034 3465 1197 3530 intellecta
1214 3466 1399 3548 pandantur.

257 3567 285 3631 si
317 3565 402 3631 enim
433 3567 688 3632 demonstrantur
718 3567 798 3632 haec
829 3587 887 3633 uec
918 3569 1029 3652 utique
1062 3591 1080 3636 a
1113 3589 1240 3654 corpore
1273 3571 1400 3639 demon·

294 3773 440 3830 laffectus
457 3773 485 3829 R
547 3773 709 3844 eloquens
726 3773 765 3828 P¹
837 3793 901 3830 uero
920 3775 946 3828 P
1018 3777 1090 3848 aliis]
1109 3777 1182 3833 eisc
1252 3781 1401 3836 3aderent

259 3867 288 3933 (ιι
304 3880 326 3918 s.
347 3863 364 3917 l.
383 3881 417 3916 m.
436 3867 462 3930 1)
481 3863 511 3918 E
527 3866 605 3917 erant
622 3864 650 3916 P
754 3865 955 3936 resipiscentes]
974 3867 1150 3936 respicientes
1163 3867 1196 3922 8¹
1305 3871 1400 3940 aliqui]

259 3953 351 4022 aliqua
370 3968 439 4022 quae
457 3951 548 4008 aliis
599 3953 760 4022 bpaenitus
779 3953 807 4007 P
823 3955 951 4024 poenitur
963 3953 1004 4010 131
1057 3957 1220 4030 caninqs
1271 3959 1400 4014 lextasis

260 4041 383 4107 (ecstasis
402 4041 432 4106 d)
451 4041 504 4094 dici
522 4041 560 4096 bd
684 4041 840 4097 exstasisS
927 4043 1045 4114 9ullae]
1065 4045 1146 4116 illeb
1272 4046 1403 4118 aniqu

260 4131 294 4184 13
307 4129 474 4199 poenitusR
546 4129 664 4185 alienato
680 4136 706 4196 (e
719 4147 741 4187 s.
757 4131 774 4185 l.
789 4149 823 4186 m.
837 4131 899 4198 1)8
953 4135 985 4188 15
1001 4135 1128 4188 ecstasid
1182 4135 1214 4190 17
1228 4141 1323 4192 meunt
1335 4133 1403 4190 E¹P

259 4219 294 4272 20
321 4218 464 4272 affectione
485 4218 527 4272 Ε)
615 4221 648 4273 21
677 4219 835 4274 exibeantur
855 4220 884 4275 R
973 4223 1007 4276 22
1035 4222 1188 4278 absentium
1217 4229 1245 4293 (u
1268 4241 1303 4280 aa
1325 4231 1351 4290 a)
1376 4225 1403 4278 P

259 4307 294 4360 23
312 4307 448 4377 prestoE
516 4309 661 4364 ecstasisd
713 4311 749 4364 25
767 4310 802 4379 si]
822 4310 922 4365 sedbd
975 4312 1009 4366 27
1028 4313 1070 4381 ut]
1089 4317 1137 4376 aut
1157 4315 1184 4380 (a
1203 4331 1262 4383 sap.
1281 4331 1315 4369 m.
1336 4313 1403 4382 1)Ρ

259 4395 393 4465 pendatur
409 4395 449 4450 12¹
504 4397 538 4451 28
556 4399 616 4467 uec]
637 4414 690 4451 non
711 4399 752 4464 (in
769 4415 821 4469 mg.
840 4399 905 4454 cdd.
925 4399 954 4454 al
971 4402 1032 4468 neo)
1050 4401 1122 4458 PRb
