3159 4950
452 466 493 520 de
521 465 665 520 Genesi
695 464 738 519 ad
765 465 950 519 litteram
979 464 1044 518 lib.
1072 464 1137 521 ΧΠ.-
1290 467 1355 531 417

206 660 277 737 fiat;
308 658 365 724 sed
396 677 458 723 uon
491 659 689 737 discernitur,
722 659 784 723 nisi
816 678 890 724 cum
921 659 1019 724 fuerit
1051 678 1163 726 sensus
1188 660 1356 727 ablatusa

208 785 348 851 corpore,
372 769 410 829 ut
432 765 475 842 id,
500 764 585 847 qnod
607 784 663 848 per
686 784 801 848 corpus
830 764 1008 843 uidebatur,
1032 766 1213 831 inueniatur
1236 768 1268 831 in
1294 768 1356 851 spi·

207 875 281 939 ritu.
305 874 339 937 at
361 890 435 936 uero
459 871 613 955 spiritalis
636 871 719 938 nisio
744 873 840 937 etiam
870 872 938 939 sine
967 873 1120 955 corporali
1148 873 1215 939 fieri
1238 877 1355 957 potest,

208 1000 281 1047 oum
305 978 487 1044 absentium
510 996 677 1061 corpomm
706 978 933 1045 similitudines
956 978 988 1043 iu
1013 979 1128 1062 spiritu
1151 980 1303 1063 adparent
1325 983 1358 1045 et

178 1088 371 1171 sfinguntur
400 1086 522 1150 multae
553 1104 610 1168 pro
643 1084 771 1151 arbitrio
804 1086 858 1151 uel
890 1087 1014 1167 praeter
1037 1084 1200 1151 arbitrium
1230 1086 1357 1151 demon·

208 1195 359 1258 sbautur.
391 1192 469 1256 item
502 1190 655 1273 spiritalis
687 1191 771 1257 nisio
804 1191 928 1276 indiget
958 1191 1178 1270 intellectuali,
1212 1194 1249 1256 ut
1277 1190 1357 1257 diiu-

209 1300 341 1377 dicetnr‚
368 1297 597 1379 intellectualis
625 1301 733 1363 autem
759 1298 825 1363 ista
852 1298 988 1380 spiritali
1016 1296 1160 1363 inferiore
1188 1318 1250 1363 nou
1277 1297 1356 1363 indi-

210 1408 273 1491 get.
298 1423 335 1471 ao
352 1424 409 1487 per
426 1404 487 1470 hoc
506 1404 642 1486 spirituli
660 1405 843 1488 corporalis,
867 1405 1079 1471 intellectuali
1098 1404 1204 1471 autem
1223 1408 1357 1489 utraque

210 1512 353 1578 subiecta
367 1514 427 1577 est.
448 1530 521 1576 cum
537 1529 611 1595 ergo
626 1511 780 1595 legimns:
802 1512 993 1595 spiritalis
1014 1512 1137 1577 omnia
1156 1511 1355 1588 diiudicat,

165 1640 191 1679 ιο
208 1620 291 1703 ipse
310 1621 435 1683 autem
454 1637 473 1681 a
491 1617 636 1682 nemine
656 1618 900 1698 diiudicatur,
921 1638 982 1685 non
1002 1618 1178 1685 secundum
1198 1619 1355 1703 spiritum,

210 1744 314 1809 aquo
338 1744 428 1789 mens
452 1724 654 1801 discernitur,
683 1725 768 1790 sicut
795 1725 876 1790 illud
901 1727 985 1809 quod
1010 1724 1218 1791 dictumest:
1244 1725 1356 1791 orabo

209 1832 366 1915 spiritu,
401 1832 513 1896 orabo
545 1834 584 1896 et
615 1835 753 1910 mente,
786 1832 844 1897 sed
876 1851 912 1897 er
945 1832 1001 1897 illa
1037 1832 1165 1898 notione
1205 1831 1357 1897 debemus

210 1940 361 2023 accipere,
372 1956 435 2021 qua
445 1938 566 2003 dictum
576 1940 640 2003 est:
655 1939 892 2003 renouamini
911 1943 1035 2004 autem
1055 1938 1199 2021 spiritu
1218 1938 1357 2002 mentis

208 2049 372 2110 uestrae.
409 2045 473 2109 iam
511 2042 595 2109 euim
633 2062 730 2127 supra
766 2044 934 2111 docuimus
967 2044 1028 2109 alio
1062 2043 1156 2109 modo
1191 2048 1223 2109 et
1253 2043 1356 2126 ipsam

167 2176 192 2214 u
209 2154 346 2215 mentem
369 2150 518 2235 spiritum
541 2150 615 2228 dici,
639 2150 815 2215 secundum
839 2170 934 2233 quam
963 2150 1115 2234 spiritalis
1144 2149 1250 2215 omnia
1277 2148 1356 2213 diiu-

209 2258 303 2324 dicat
337 2260 528 2341 quapropter
559 2277 620 2324 non
654 2257 790 2323 absurde
819 2276 921 2340 neque
944 2258 1202 2324 inconuenienter
1225 2256 1357 2321 arbitror

210 2365 384 2448 spiritalem
416 2364 574 2431 nisionem
606 2365 689 2430 iuter
718 2365 970 2430 intellectualem
995 2368 1028 2429 et
1051 2365 1245 2447 corporalem
1277 2366 1356 2427 tam-

209 2490 304 2556 quam
334 2472 540 2538 medietatem
574 2470 731 2555 quandam
763 2472 915 2538 obtinere.
949 2475 1028 2554 puto
1053 2472 1136 2536 enim
1160 2491 1221 2537 non
1249 2470 1356 2535 incon·

209 2582 358 2663 gruenter
376 2579 517 2644 medium
536 2579 609 2657 dici,
629 2578 714 2662 quod
733 2597 848 2662 corpus
868 2579 996 2662 quidem
1015 2597 1076 2644 non
1096 2581 1156 2656 est,
1176 2577 1232 2643 sed
1252 2575 1356 2642 simile

170 2689 260 2750 soest
281 2685 431 2769 corporis,
453 2685 537 2750 inter
557 2684 649 2762 illud,
674 2684 759 2768 quod
780 2703 856 2749 nere
881 2702 994 2768 corpus
1018 2687 1077 2761 est,
1102 2686 1135 2749 et
1157 2682 1249 2762 illud,
1270 2681 1354 2764 quod

209 2810 267 2857 nee
289 2810 404 2875 corpus
427 2794 557 2857 estnec
581 2791 685 2856 simile
709 2791 860 2874 corporis.

254 2901 307 2964 25.
344 2897 504 2963 Inluditur
539 2902 647 2962 autern
685 2898 791 2962 anima
838 2897 1101 2963 similitudinibus
1142 2917 1248 2963 rerum
1293 2915 1355 2962 non

179 3024 318 3072 ,earnm
345 3003 437 3082 uitio,
466 3003 522 3069 sed
551 3004 709 3087 opinionis
738 3023 824 3081 suae,
854 3024 927 3070 cum
955 3004 1108 3087 adprobat
1131 3023 1211 3087 quae
1240 3003 1357 3068 similia

210 3114 285 3175 sunt
311 3131 366 3194 pro
394 3111 456 3181 iris.
485 3111 601 3193 quibus
640 3111 757 3176 similia
780 3114 866 3189 sunt,
891 3112 930 3176 ab
954 3111 1174 3195 intellegentia
1196 3109 1355 3175 deficiens.

162 3216 332 3282 refellitur
363 3236 437 3301 ergo
469 3217 502 3281 in
535 3217 658 3282 uisione
691 3217 855 3301 corporali,
889 3237 962 3283 cum
995 3217 1027 3281 iu
1059 3217 1139 3300 ipsis
1172 3215 1355 3299 corporibus

208 3323 277 3388 fieri
299 3326 402 3406 putat
421 3322 505 3405 quod
523 3323 560 3387 fit
581 3323 614 3388 in
639 3325 778 3408 corporis
803 3323 949 3390 sensibus
965 3323 1108 3388 -siout
1131 3322 1355 3406 nauigantibus

210 3429 358 3495 uidentur
388 3430 420 3494 in
452 3433 535 3494 terra
566 3433 689 3496 moueri
721 3450 802 3514 quae
826 3434 913 3496 stant
941 3435 973 3496 et
1000 3429 1198 3496 intuentibus
1231 3429 1356 3494 caelum

210 3543 294 3600 stare
327 3536 439 3614 sidera,
465 3556 552 3627 ¹quae
584 3541 763 3614 mouentur,
789 3541 822 3603 et
845 3537 1035 3620 diuarimtis
1060 3535 1157 3602 radiis
1192 3536 1356 3600 oculorum

210 3641 290 3706 duae
321 3643 468 3707 lucernae
501 3641 623 3726 species
656 3642 805 3726 adparere
839 3643 925 3708 etin
949 3661 1031 3726 aqua
1063 3660 1171 3706 remus
1202 3639 1355 3704 infractus

299 3831 347 3888 91
367 3832 427 3888 Cor.
447 3833 473 3896 2,
494 3833 527 3886 15
583 3833 613 3886 11
633 3833 648 3886 Ι
667 3831 727 3888 Cor.
748 3833 790 3898 14,
812 3833 845 3887 15
901 3833 933 3887 13
952 3833 1051 3903 Ephes.
1070 3832 1096 3896 4,
1116 3830 1151 3884 23

246 3938 262 3991 2
281 3939 467 3992 ἰθιιθθίθιθῖιιτ
479 3938 508 3995 R
561 3940 686 4008 tpreter
698 3937 750 3992 Pu
802 3939 819 3992 6
838 3937 1018 3992 intellectuali
1039 3937 1086 4002 (ali
1104 3937 1136 3991 in
1153 3952 1210 3990 rae.
1229 3953 1263 3990 m.
1282 3939 1313 4002 2)
1327 3935 1356 3992 R

210 4030 243 4081 ut
261 4028 285 4096 (t
302 4043 372 4082 corr.
391 4043 426 4082 m.
445 4030 475 4094 2)
494 4027 522 4082 R
576 4027 744 4082 9subuecta
760 4027 800 4081 E¹
874 4025 1016 4096 diiudicat]
1034 4025 1138 4080 indicet
1155 4023 1222 4081 Rbd
1276 4025 1309 4079 10
1328 4029 1356 4088 et

209 4116 268 4184 ipse
285 4115 316 4171 Ε
368 4116 402 4170 12
420 4116 543 4185 notione]
561 4116 696 4170 notitione
715 4116 742 4169 P
757 4117 869 4170 natione
888 4115 1092 4170 mutuatione
1111 4111 1145 4168 δ’
1200 4112 1232 4166 13
1253 4113 1356 4182 quaE¹

212 4204 245 4259 18
264 4204 403 4274 optineret
415 4205 446 4258 E
497 4205 534 4260 20
552 4205 656 4274 corpori
670 4205 687 4257 b
758 4204 986 4274 inter-corporis
1000 4203 1065 4258 aad.
1079 4219 1113 4256 m.
1128 4202 1185 4256 lia
1199 4217 1248 4270 rap.
1262 4202 1315 4270 ias.
1330 4202 1358 4255 P

210 4291 325 4348 11111111ι
396 4293 430 4348 21
457 4293 597 4363 corporib
669 4295 704 4348 22
727 4312 744 4348 a
766 4293 992 4349 similitudinibus
1015 4293 1045 4348 E
1114 4292 1149 4348 23
1173 4291 1289 4362 aprobat
1306 4289 1357 4344 Es

210 4381 307 4453 arua]
317 4381 381 4436 iisd
416 4383 451 4436 25
465 4381 636 4438 uisionernR
672 4382 707 4437 28
721 4382 864 4454 sideraque
874 4381 907 4438 8¹
943 4382 978 4436 29
993 4381 1131 4454 spetiesR
1184 4378 1307 4434 infractis
1316 4377 1356 4434 111

239 4507 341 4547 xxvm.
353 4507 413 4554 Aug.
428 4515 482 4546 secr.
493 4507 526 4546 111
539 4517 593 4557 pers
607 4511 626 4548 1.
1255 4485 1289 4539 27
