3159 4950
431 466 473 521 de
501 465 646 521 Genesi
674 466 719 521 ad
744 466 929 522 litteram
958 466 1023 523 lib.
1059 468 1117 525 VII.
1289 472 1352 537 217

203 664 407 731 obliuiscitur
434 662 603 747 aliquando
631 666 665 729 st
691 663 775 729 unde
803 664 912 729 ueniat
942 668 974 729 ct
1002 683 1063 747 quo
1093 668 1154 744 eat,
1180 669 1211 730 et
1239 666 1354 732 transit

202 771 374 854 inprudens
397 770 520 847 uillam,
544 788 607 853 quo
629 770 789 849 tendebat,
815 772 927 835 natura
950 770 1001 837 sui
1024 772 1163 855 corporis
1187 790 1272 851 sana,
1297 773 1353 837 sed

205 898 262 943 sua
283 878 317 943 in
341 878 428 943 aliud
451 883 594 944 auocata.
618 880 811 961 quapropter
828 877 909 943 istas
929 879 1070 961 corporei
1089 880 1169 944 caeli
1187 897 1353 963 corporeas

204 983 356 1067 quasdam
383 982 567 1067 particulas,
596 982 629 1047 id
659 985 709 1048 est
744 982 827 1048 lucis
857 984 889 1048 et
917 983 1008 1058 aeris
1042 1003 1122 1067 quae
1154 984 1274 1067 primae
1302 1004 1352 1050 ex·

173 1116 187 1155 s
204 1090 328 1175 cipiunt
344 1093 443 1155 nutus
462 1089 585 1155 animae
607 1088 813 1168 uiuificnntis,
833 1108 870 1155 eo
889 1090 973 1172 quod
991 1090 1193 1174 incorporeae
1220 1096 1350 1157 naturae

203 1197 442 1280 propinquiores
471 1200 547 1261 sunt
574 1216 669 1279 quam
696 1196 811 1261 humor
839 1198 872 1262 et
898 1201 990 1273 terro,
1019 1200 1057 1262 ut
1083 1198 1122 1261 ad
1151 1216 1260 1261 earum
1282 1218 1351 1281 pro·

204 1304 324 1368 nimum
347 1302 559 1369 ministerium
583 1306 653 1368 tota
674 1305 777 1369 moles
806 1304 1056 1383 administrem,
1080 1306 1188 1369 utrum
1212 1303 1289 1369 deus
1314 1304 1352 1369 de

204 1412 265 1475 hoc
288 1410 480 1476 circumfuso
506 1413 538 1475 et
560 1411 729 1493 superfuso
757 1412 846 1477 caelo
874 1411 996 1495 corpori
1024 1410 1165 1475 uiuentis
1188 1410 1354 1476 miscuerit

205 1520 262 1581 aut
284 1515 470 1594 adiunxerit,
494 1536 532 1581 an
557 1520 589 1581 et
611 1518 697 1601 ipsus
720 1517 860 1583 delimo
890 1518 974 1584 sicut
997 1536 1121 1583 carnem
1144 1518 1264 1597 lecerit,
1289 1536 1350 1583 nou

163 1650 186 1688 ro
205 1628 256 1689 est
277 1624 316 1689 ad
339 1642 407 1687 rem
429 1624 589 1706 pertinens
613 1625 769 1707 quaestio.
799 1644 891 1689 omne
919 1624 1037 1709 quippo
1065 1642 1179 1707 eorpus
1202 1625 1233 1689 in
1259 1643 1352 1689 omne

205 1750 319 1814 corpus
352 1730 469 1795 mutari
500 1749 595 1814 posse
627 1730 778 1797 credibile
811 1736 874 1807 est3
909 1732 1074 1815 quodlibet
1100 1732 1207 1797 autem
1235 1748 1350 1814 corpus

204 1837 322 1901 mutari
345 1836 494 1919 possein
518 1836 656 1902 animam
679 1838 806 1904 eredere
829 1838 1001 1903 absurdum
1025 1841 1084 1904 est.

250 1944 303 2008 21.
337 1942 550 2022 Quamobrem
580 1962 640 2009 nec
669 1944 751 2009 illud
784 1944 975 2011 audiendum
1009 1948 1068 2024 est,
1103 1944 1187 2029 quod
1223 1945 1352 2028 quidam

205 2054 409 2135 putauerunt,
433 2048 580 2133 quintum
604 2051 762 2133 quoddam
791 2070 861 2117 esse
886 2070 1000 2135 corpus
1023 2053 1107 2116 unde
1131 2052 1196 2117 sint
1219 2054 1351 2129 animae,

162 2184 187 2223 rs
207 2156 291 2240 quod
322 2176 381 2223 neo
411 2160 584 2223 terraneo
616 2174 698 2241 equs
730 2158 774 2223 sit
805 2178 862 2224 nec
895 2178 949 2223 aer
979 2178 1036 2224 nec
1069 2160 1163 2244 ignis,
1197 2158 1265 2224 siue
1289 2160 1351 2224 iste

205 2264 419 2329 turbulentior
436 2268 530 2347 atquo
549 2266 704 2341 terrenus,
721 2266 791 2329 siue
809 2266 864 2331 illa
879 2266 1026 2331 caelestis
1045 2284 1144 2349 purus
1164 2268 1196 2331 ct
1213 2265 1351 2344 lucidus,

207 2371 263 2437 sed
285 2372 393 2437 neseio
418 2372 494 2454 quid
518 2371 615 2450 aliud,
640 2372 725 2455 quod
748 2375 854 2438 carcat
877 2373 996 2439 usitato
1015 2373 1151 2451 nomine,
1172 2371 1229 2438 scd
1246 2376 1352 2437 tamen

207 2499 321 2564 corpus
344 2480 397 2545 sit.
422 2480 450 2544 si
474 2479 557 2545 enim
581 2481 636 2562 qui
659 2481 720 2546 hoc
744 2481 886 2545 sentiunt
907 2479 968 2544 hoc
992 2479 1102 2544 dicunt
1125 2497 1249 2563 corpus,
1269 2479 1354 2562 quod

208 2591 241 2652 et
272 2607 340 2666 nos,
372 2587 407 2651 id
449 2589 499 2652 est
530 2589 675 2651 naturam
713 2587 890 2670 quamlibet
924 2585 1136 2671 longitudine,
1173 2584 1353 2664 latitudine,

164 2719 191 2759 so
208 2691 377 2757 altitudine
409 2691 548 2775 spatium
580 2691 644 2758 loci
675 2695 894 2776 occupantem,
928 2711 1029 2775 neque
1066 2692 1127 2758 hoc
1168 2695 1218 2758 est
1249 2691 1355 2756 nnims
1455 2702 1460 2716 ·

208 2818 310 2882 neque
342 2798 415 2864 inde
446 2799 532 2864 lacta
564 2799 720 2864 credenda
750 2802 809 2864 est.
844 2798 997 2882 quidquid
1025 2799 1108 2864 enim
1137 2800 1201 2865 tale
1229 2799 1355 2877 estut

208 2905 311 2971 multa
337 2925 399 2970 non
427 2903 541 2984 dicam,
568 2905 601 2970 iu
630 2923 831 2989 quacumque
859 2906 909 2970 sui
936 2909 1025 2990 parte
1052 2905 1145 2970 lineis
1174 2903 1274 2970 diuidi
1301 2905 1355 2968 uel

209 3011 424 3078 circumscribi
456 3015 577 3095 potest:
611 3012 695 3096 quod
727 3013 832 3078 anima
869 3012 897 3078 si
931 3015 1102 3095 pateretur,
1135 3011 1223 3076 nullo
1260 3009 1354 3076 modo

208 3139 303 3184 nosse
325 3122 436 3202 posset
458 3119 539 3183 tales
562 3119 674 3196 bueus,
694 3137 774 3201 quae
794 3121 999 3204 perlongum
1019 3119 1118 3184 secari
1137 3137 1198 3184 nou
1223 3121 1354 3201 queunt,

164 3255 191 3295 rs
209 3227 319 3308 quales
342 3225 374 3289 in
399 3243 526 3310 corpore
549 3243 611 3290 non
634 3244 729 3308 posse
751 3225 888 3290 inueniri
911 3224 1117 3290 nihilominus
1142 3225 1242 3290 nouit.

300 3415 333 3471 13
357 3415 389 3471 ef.
410 3415 493 3471 Cicer,
512 3417 591 3471 Τιιθθ.
615 3419 720 3487 quaest.
742 3417 790 3474 lib.
814 3417 958 3482 117,41;
982 3417 1024 3471 Do
1049 3417 1124 3472 eicit.
1145 3415 1189 3470 dei
1211 3415 1259 3470 lib.
1279 3415 1355 3470 XXII

211 3506 253 3566 11,
272 3505 290 3558 2
309 3503 373 3558 edit.
393 3504 487 3575 Migne

246 3684 259 3737 1
281 3679 458 3736 obliuiscetur
471 3679 705 3736 Sobliniscieetur
717 3681 747 3736 R
801 3681 817 3734 2
830 3679 937 3750 uillam]
955 3679 1072 3735 inillam
1088 3681 1104 3735 b
1159 3682 1175 3736 3
1190 3679 1322 3735 aduocata
1335 3679 1358 3735 S

210 3771 226 3823 5
246 3769 328 3840 quod]
348 3769 420 3840 quod
438 3770 468 3825 in
487 3769 574 3825 corS
642 3770 783 3841 incorpore
802 3769 841 3824 E¹
859 3768 1090 3839 incorporeeaeS
1141 3769 1158 3822 6
1177 3784 1254 3821 umor
1267 3765 1358 3823 de

209 3859 357 3930 proximum
376 3873 428 3914 om.
446 3857 485 3913 P¹
539 3859 788 3914 lamministretur
806 3857 901 3914 E’PR
955 3857 1126 3912 8uiuentib
1181 3857 1276 3927 dipsa
1289 3856 1358 3912 E¹P

208 3947 270 4018 ipat
286 3945 345 4002 ub
406 3947 439 4001 10
458 3946 609 4018 questioS
665 3949 696 4002 11
717 3965 797 4018 posse
816 3946 912 4002 oonS
981 3945 1104 4002 credibili
1123 3945 1186 4003 PR¹
1241 3947 1274 4000 12
1294 3945 1355 4000 abs-

210 4035 320 4091 surdum
346 4035 370 4092 S
439 4037 473 4091 13
499 4053 559 4106 cap.
588 4035 662 4090 XXV
685 4037 716 4090 E
802 4053 851 4090 neo
877 4035 947 4090 illud
971 4037 1002 4090 a‘u
1027 4053 1077 4106 mp.
1105 4035 1201 4091 addid.
1227 4052 1261 4088 m.
1292 4035 1304 4088 l
1330 4035 1358 4088 P

212 4125 244 4178 11
263 4126 301 4179 sit
317 4124 383 4179 Pru
400 4125 456 4180 sint
474 4129 503 4194 (n
521 4142 543 4179 e.
563 4127 581 4181 1.
599 4143 634 4181 m.
655 4128 682 4194 1)
700 4125 729 4182 R
812 4127 901 4180 anima
920 4127 957 4180 bd
1048 4126 1081 4180 16
1100 4125 1282 4179 turbulentior
1294 4123 1359 4180 13¹8

209 4218 298 4268 terrae
318 4211 412 4269 nusS
480 4214 528 4268 ille
548 4203 637 4271 orn.b
723 4215 756 4268 19
780 4213 927 4269 altitudine
954 4212 1144 4268 latitudines
1227 4213 1259 4267 21
1283 4211 1357 4267 iactu

209 4302 303 4358 indeb
358 4302 592 4374 quicquum
662 4305 698 4358 23
716 4305 851 4374 patiretur
868 4304 896 4358 P
949 4303 983 4358 24
1003 4305 1123 4373 quaeunt
1140 4303 1171 4358 Ε
1222 4304 1256 4358 25
1275 4303 1356 4356 nihil·

210 4391 377 4445 bomicusd
