3159 4950
248 424 312 486 418
598 418 624 472 S.
654 418 789 472 Aureli
818 418 1037 489 Augustini

248 618 281 679 et
296 614 399 679 multa
415 614 509 679 huius
523 613 669 678 modi-
683 616 739 679 aut
762 633 834 679 cnm
858 616 952 696 putat
967 614 1027 679 hoc
1047 633 1127 692 esse,
1143 616 1228 697 qnod
1248 615 1395 680 similiter

247 722 423 787 coloratum
439 721 551 786 estnel
561 720 709 785 similiter
722 723 816 787 sonat
829 721 883 786 uel
897 722 962 785 olet
976 721 1029 785 uel
1043 722 1126 804 sapit
1136 722 1190 787 uel
1199 720 1342 807 tangitur
1351 758 1392 771 -·

245 827 319 893 hino
338 828 422 891 enim
441 829 474 891 et
492 825 758 890 medicamentum
773 824 902 909 aliquod
917 829 1057 891 ceratum
1072 830 1198 892 coctum
1214 826 1245 891 in
1261 827 1394 893 caccabo

245 937 375 1017 putatur
400 934 550 1017 legumen
578 934 612 997 et
639 932 763 997 sonitus
804 933 998 997 transeuntis
1026 932 1168 998 uehiculi
1200 938 1331 1018 putatur·
1358 955 1394 999 er

244 1040 365 1105 tonitru
389 1043 431 1114 et,
456 1039 484 1104 si
507 1039 604 1103 nullis
628 1038 700 1103 aliis
720 1038 867 1104 sensibus
887 1040 1075 1122 exploretur,
1096 1040 1152 1105 sed
1171 1041 1232 1105 soli
1251 1041 1394 1107 adiaceat
1424 1063 1436 1103 ε

245 1147 386 1222 olfactui,
411 1144 538 1211 citrium
560 1147 692 1226 putatur
714 1145 821 1224 herba,
846 1164 925 1227 quae
952 1150 1083 1211 uocatur
1105 1146 1232 1229 apiaria,
1253 1151 1285 1212 et
1303 1148 1394 1213 cibus

243 1255 348 1336 aliquo
382 1251 543 1317 dulciculo
584 1269 661 1316 suco
704 1250 848 1316 adfectus
885 1255 1016 1335 putatur
1053 1254 1147 1332 melle
1182 1253 1328 1319 conditus
1362 1258 1395 1320 et

243 1361 373 1445 ignotus
401 1359 514 1425 anulus
543 1361 758 1424 contrectatus
780 1358 813 1422 in
838 1358 977 1424 tenebris
1009 1362 1140 1442 putatur
1166 1378 1292 1437 auroris,
1320 1379 1394 1426 cum

243 1469 286 1532 sit
309 1485 420 1531 aereus
443 1465 497 1530 uel
520 1467 689 1549 argenteus
712 1502 756 1511 -
779 1467 836 1529 aut
859 1484 931 1530 cum
954 1465 1126 1549 repentinis
1158 1464 1393 1550 inopinatisque

244 1571 459 1656 corporalibus
483 1570 563 1636 nisis
587 1571 692 1636 anima
709 1572 838 1636 turbata
857 1574 909 1636 uel
927 1572 959 1638 in
979 1572 1099 1637 somnis
1118 1572 1226 1637 uidere
1247 1593 1281 1638 se
1300 1576 1394 1657 putat
1413 1596 1439 1635 ιο

243 1680 296 1744 nel
320 1679 425 1760 aliquo
450 1678 519 1743 eius
548 1677 635 1743 modi
659 1677 794 1761 spiritali
827 1680 898 1745 uiso
932 1678 1147 1743 adficitunde
1179 1679 1211 1745 in
1245 1680 1392 1745 omnibns

242 1786 458 1870 corporalibus
487 1785 567 1849 nisis
591 1788 625 1850 et
646 1785 781 1851 aliorum
809 1805 966 1851 sensuum
990 1786 1178 1852 contestatio
1203 1790 1235 1851 et
1257 1788 1392 1853 maxime

241 1893 344 1976 ipsius
367 1892 485 1956 mentis
508 1894 605 1973 atque
628 1891 759 1957 rationis
783 1892 962 1971 adhibetur,
987 1896 1033 1971 ut,
1054 1894 1139 1975 quod
1157 1894 1189 1958 in
1208 1895 1269 1960 hoc
1287 1914 1392 1961 rerum

242 2018 355 2083 genere
388 2018 500 2063 uerum
533 2001 592 2075 cst,
624 1998 807 2063 inueniatur
843 2003 996 2081 quantum
1033 2000 1169 2065 inueniri
1206 2004 1321 2085 potest.
1359 2004 1390 2067 in

241 2105 365 2170 uisione
398 2109 505 2169 antem
538 2104 684 2187 spiritali,
713 2104 746 2169 id
776 2106 884 2170 estin
915 2124 1081 2189 corporum
1114 2107 1390 2189 similitudinibus
1411 2128 1437 2167 ra

242 2230 323 2293 quae
346 2211 462 2295 spiritu
484 2210 645 2286 uidentur,
668 2210 791 2277 fallitur
815 2212 929 2289 anima,
954 2230 1027 2277 cum
1051 2232 1098 2293 ea,
1122 2232 1202 2295 quae
1226 2214 1272 2279 sio
1291 2214 1389 2289 uidet,

241 2316 311 2400 ipsa
334 2334 466 2400 corpora
489 2336 559 2381 esse
583 2315 754 2382 arbitratur
776 2316 840 2397 uel,
860 2318 946 2401 quod
965 2318 1027 2383 sibi
1047 2319 1228 2403 suspicione
1246 2321 1389 2403 falsaque

241 2424 423 2490 coniectura
450 2423 583 2502 finxerit,
611 2424 673 2491 hoc
701 2425 798 2490 etiam
826 2426 858 2490 in
888 2426 1073 2510 corporibus
1097 2428 1199 2510 putat,
1224 2446 1304 2511 quae
1328 2446 1389 2495 non

241 2531 312 2596 nisa
349 2531 473 2596 coniect
493 2533 517 2595 t.
554 2533 588 2594 at
623 2551 698 2598 nero
734 2533 767 2596 in
805 2532 870 2598 illis
907 2534 1179 2600 intellectualibus
1215 2535 1295 2601 uisis
1327 2555 1388 2603 non

240 2637 385 2702 fallitur.
401 2639 457 2701 ant
481 2637 565 2702 enim
587 2636 756 2722 intellegit,
777 2641 810 2703 et
828 2657 940 2703 uerum
966 2643 1028 2714 est3
1054 2640 1168 2719 antei
1191 2659 1303 2706 uerum
1327 2661 1388 2707 non
1408 2659 1436 2698 20

241 2747 300 2821 est,
329 2762 390 2808 non
418 2743 592 2826 intellegit:
621 2743 703 2806 unde
732 2742 820 2808 aliud
849 2745 953 2808 estin
977 2745 1027 2810 his
1052 2765 1163 2823 errare,
1188 2765 1267 2830 quaa
1291 2747 1389 2826 uidet,

240 2847 327 2913 aliud
350 2849 421 2914 ideo
446 2867 558 2924 errare,
582 2849 740 2930 quianon
763 2848 862 2918 uidet.

285 2957 337 3021 26.
364 2953 561 3038 Quapropter
585 2974 656 3020 cum
679 2955 802 3039 rapitur
825 2957 983 3022 animuin
1009 2977 1045 3022 ea
1067 2959 1149 3034 uisa,
1171 2979 1249 3042 quae
1274 2960 1390 3043 spiritu

240 3065 411 3126 cernuntur
447 3061 565 3126 similia
602 3063 832 3144 corporalibus,
870 3062 916 3128 ita
953 3067 989 3128 ut
1031 3065 1156 3130 omnino
1192 3083 1210 3128 a
1241 3065 1388 3131 sensibus

239 3167 378 3250 corporis
407 3170 569 3232 auertatur
596 3168 733 3251 amplius
762 3189 856 3252 quam
884 3171 916 3234 in
946 3190 1057 3236 somno
1083 3171 1175 3248 solet,
1200 3170 1256 3236 sed
1280 3172 1385 3238 minus
1405 3193 1432 3236 aa

240 3291 334 3355 quam
357 3273 389 3337 in
412 3275 525 3351 morte,
548 3274 612 3337 iam
636 3273 762 3339 diuinae
791 3275 1016 3342 admonitionis
1041 3280 1091 3342 est
1114 3281 1146 3342 et
1169 3277 1327 3355 adiutorii,
1350 3281 1389 3344 ut

239 3397 273 3442 se
297 3399 358 3444 non
383 3398 521 3462 corpora,
546 3380 602 3444 sed
625 3379 696 3445 uisa
719 3400 885 3466 corporum
915 3383 1032 3448 similia
1055 3383 1242 3466 spiritaliter
1264 3385 1388 3450 nouerit

239 3504 379 3560 cernere,
418 3486 514 3552 sicuti
547 3487 602 3569 qui
635 3505 669 3552 se
701 3489 733 3552 in
767 3489 887 3554 somnis
925 3489 1042 3568 uidere,
1082 3490 1178 3555 etiam
1216 3495 1386 3574 antequam

275 3711 397 3782 lpntatl
416 3714 497 3782 putat
515 3711 620 3782 aliquid
639 3713 677 3766 bd
746 3713 797 3766 hac
816 3711 857 3776 8¹,
876 3713 907 3766 in
925 3729 974 3782 cap.
994 3713 1045 3766 hoc
1108 3715 1206 3783 3poct
1224 3718 1328 3770 coctum
1347 3733 1383 3772 er.

237 3805 276 3853 eat
293 3800 316 3854 dr
334 3801 365 3854 in
382 3801 411 3856 R
483 3801 580 3854 cacabo
600 3801 666 3856 Rbd
724 3802 880 3856 ttonitruo
899 3801 966 3856 Rbd
1024 3805 1137 3857 leucon
1157 3803 1244 3859 Pde
1301 3805 1383 3859 San·

236 3889 317 3942 nulus
336 3890 373 3942 bd
444 3889 529 3943 9nnt
547 3893 692 3959 argenteus
710 3889 801 3945 Rde
880 3890 1137 3960 inopinatisqneeS
1206 3893 1241 3947 10
1259 3892 1388 3948 uideriS

238 3978 269 4031 11
289 3976 425 4047 aliquaS
506 3977 700 4032 huiusmodid
785 3978 857 4048 uiso]
876 3979 1025 4034 uisioneS
1111 3979 1197 4034 afficit
1215 3981 1385 4039 Parnoi-R

238 4067 271 4120 12
289 4066 421 4120 maximae
438 4065 491 4121 RS
581 4068 614 4120 15
632 4067 859 4122 similitudinibus
879 4069 917 4136 (ni
935 4084 958 4122 a.
978 4069 995 4124 l,
1014 4085 1048 4122 m.
1068 4072 1093 4136 1)
1112 4068 1139 4124 R
1221 4071 1253 4124 17
1274 4071 1339 4140 qnid
1356 4071 1384 4128 R

236 4156 402 4224 suspicione
423 4154 450 4220 (b
471 4157 520 4224 cr.)
540 4155 567 4210 R
638 4155 780 4226 falsaquae
801 4161 828 4225 (a
846 4173 908 4226 exp.
925 4174 960 4211 m.
980 4157 1004 4218 Il
1023 4157 1051 4211 P
1131 4157 1165 4212 18
1184 4161 1340 4214 contectura
1358 4160 1386 4214 P

236 4245 270 4298 22
290 4261 377 4298 errare
396 4261 448 4298 om.
467 4243 495 4299 R
567 4245 787 4310 admoneatis
875 4247 1075 4301 ammonitionis
1094 4246 1202 4303 EPRS
1271 4248 1306 4303 28
1326 4245 1381 4320 qni]

236 4347 304 4402 quaa
318 4339 344 4399 (e
363 4337 410 4400 er.)
430 4333 469 4388 R¹
490 4349 558 4403 qnae
578 4334 616 4388 bd
687 4351 715 4388 se
734 4351 785 4389 om.
805 4335 821 4389 b
