3159 4950
238 473 302 538 300
598 471 625 524 S.
653 471 790 525 Aureli
818 470 1037 539 Augustini

238 673 285 748 ut,
311 669 423 734 sinon
450 669 614 750 liquidam,
643 667 681 732 de
714 687 776 750 qua
804 667 942 731 dubitari
969 666 1056 731 ultra
1082 686 1144 732 non
1172 667 1295 745 debeat,
1319 671 1385 732 tam

239 779 322 840 certe
346 775 572 857 acceptabilem
597 775 635 839 de
658 775 717 839 hac
740 793 773 838 re
796 774 984 838 sententiam
1006 773 1235 851 nanciscamur,
1254 778 1292 838 ut
1315 795 1384 840 eam

238 885 353 960 tenere,
378 881 476 946 donec
510 885 633 946 certum
666 881 786 961 aliquid
818 881 990 957 elucescat,
1023 898 1085 945 non
1122 881 1166 944 sit
1202 881 1385 948 absurdum.

239 988 353 1071 quodsi
385 1006 422 1052 ne
455 988 515 1053 hoc
540 987 667 1070 quidem
696 987 906 1068 potuerimus,
931 987 1193 1052 documentorum
1215 989 1385 1053 momentis

237 1094 375 1177 undique
407 1093 586 1177 pariterque
618 1094 805 1158 nutantibus
839 1095 953 1158 saltem
990 1111 1051 1158 non
1087 1093 1249 1159 uidebitur
1279 1098 1387 1159 nostra
1417 1118 1429 1156 o

239 1199 394 1265 dubitatio
418 1201 558 1265 laborem
583 1200 743 1264 deuitasse
768 1199 948 1282 quaerendi,
973 1200 1029 1264 sed
1052 1199 1238 1264 adfirmandi
1260 1201 1386 1266 temeri-

237 1310 348 1382 tatem,
373 1309 411 1371 ut
437 1325 498 1385 me,
528 1307 555 1370 si
584 1306 656 1388 quis
679 1309 764 1372 recte
787 1306 851 1371 iarn
875 1309 980 1371 certus
1008 1309 1067 1378 est,
1092 1305 1204 1370 dooere
1228 1306 1385 1390 dignetur,

238 1414 266 1478 si
290 1432 382 1496 quem
407 1432 482 1478 uero
506 1431 564 1478 nec
588 1411 688 1477 diuini
707 1412 826 1496 eloquii
843 1431 900 1476 nec
919 1413 1105 1496 perspicuae
1123 1413 1255 1477 rationis
1279 1416 1386 1477 aucto·

236 1520 325 1597 ritas,
346 1519 402 1584 sed
421 1539 480 1584 sua
501 1519 697 1601 praesumtio
722 1521 843 1584 certum
866 1519 994 1598 fecerat,
1015 1518 1157 1583 dubitare
1181 1537 1306 1584 mecum
1325 1540 1386 1585 non

239 1626 437 1710 dedignetur.
1405 1659 1431 1698 ro

283 1733 546 1815 4.Aop1imum
579 1732 660 1797 illud
691 1731 873 1797 firmissime
904 1735 1068 1797 teneamus
1097 1733 1218 1797 animae
1241 1737 1386 1798 naturam

238 1859 295 1904 nec
327 1840 358 1903 in
392 1843 537 1904 naturam
571 1838 708 1921 corporis
743 1838 894 1915 conuerti,
922 1841 960 1902 ut
988 1857 1068 1921 qnae
1096 1839 1159 1902 iam
1186 1839 1250 1902 fuit
1272 1839 1386 1915 anima,

238 1946 295 2010 liat
317 1965 442 2028 corpus,
467 1963 525 2010 neo
548 1946 580 2011 in
603 1949 749 2011 naturam
778 1947 898 2011 animae
926 1946 1135 2023 inrationalis,
1158 1950 1196 2010 ut
1223 1966 1303 2030 quae
1325 1947 1388 2011 fuit

239 2052 343 2117 anima
366 2052 514 2130 hominis,
539 2052 595 2118 fiat
617 2053 751 2136 pecoris,
776 2053 889 2117 necin
912 2055 1057 2117 naturam
1081 2053 1143 2129 dei,
1167 2057 1204 2117 ut
1227 2072 1307 2135 quae
1325 2052 1388 2117 fuit

239 2159 351 2236 anima,
376 2159 432 2222 fiat
456 2159 541 2242 quod
565 2162 614 2224 est
637 2159 725 2235 deus,
751 2163 847 2241 atque
870 2159 917 2223 ita
938 2158 1083 2223 uicissim
1110 2178 1168 2223 nec
1192 2178 1306 2243 corpus
1330 2178 1386 2224 nec
1407 2191 1433 2229 ιδ

239 2265 375 2330 animam
398 2266 618 2330 inrationalem
641 2285 698 2331 nec
723 2266 947 2342 substantiam,
972 2285 1035 2347 qua
1058 2265 1137 2329 deus
1161 2269 1220 2343 est,
1245 2265 1388 2330 conuerti

238 2375 271 2438 et
292 2372 359 2437 fieri
383 2373 519 2438 animam
542 2373 722 2438 humanam.
746 2371 829 2436 illud
847 2372 943 2436 etiam
962 2390 1022 2436 non
1046 2371 1153 2436 minus
1177 2374 1298 2436 certum
1317 2391 1388 2438 esse

238 2480 332 2545 debet
355 2481 491 2545 animam
514 2498 576 2545 non
600 2498 671 2543 esse
694 2479 756 2545 nisi
780 2482 957 2544 creaturam
981 2479 1041 2544 dei.
1066 2483 1274 2562 quapropter,
1286 2480 1314 2544 si
1336 2499 1387 2544 ne-

140 2624 146 2633 ·
238 2606 298 2668 que
323 2587 359 2651 de
384 2606 512 2669 corpore
540 2604 641 2667 neque
670 2585 709 2649 de
738 2587 842 2651 anima
869 2586 1049 2651 inrationali
1071 2605 1173 2669 neque
1198 2586 1235 2651 de
1261 2606 1295 2652 se
1316 2587 1387 2669 ipso

239 2692 317 2757 deris
341 2694 478 2757 animam
500 2693 577 2757 lecit
595 2692 744 2769 hominis,
764 2695 875 2770 restat,
895 2696 932 2756 ut
950 2696 1007 2757 aut
1030 2693 1068 2758 de
1086 2693 1185 2757 nihilo
1205 2712 1274 2758 eam
1293 2693 1390 2757 faciat
1407 2725 1434 2763 20

239 2803 295 2863 aut
317 2799 356 2864 de
380 2800 485 2881 aliqua
509 2799 654 2881 spiritali,
674 2802 779 2864 tamen
804 2800 950 2864 rationali
970 2803 1122 2869 creatura.
1146 2800 1204 2865 sed
1227 2799 1265 2864 de
1288 2800 1387 2865 nihilo

238 2905 306 2969 fieri
322 2906 441 2988 aliquid
460 2906 688 2971 consummatis
708 2907 866 2990 operibus,
882 2906 996 2988 quibus
1017 2907 1137 2971 creauit
1155 2906 1261 2971 omnia
1279 2907 1386 2985 simul,

238 3013 414 3077 uiolentum
434 3015 483 3077 est
501 3014 585 3079 uella
604 3016 779 3079 monstrare
799 3019 841 3089 et,
860 3018 968 3078 utrum
986 3014 1163 3097 perspicuis
1188 3014 1387 3079 documentis

239 3118 372 3183 obtineri
399 3120 511 3203 possit,
539 3120 660 3204 ignoro.
685 3138 742 3184 nec
766 3120 954 3204 erigendum
979 3124 1029 3184 est
1053 3140 1072 3184 a
1093 3121 1196 3200 nobis,
1221 3120 1306 3203 quod
1334 3122 1388 3185 uel

239 3227 488 3308 conprehendere
516 3228 611 3291 homo
640 3246 701 3292 non
735 3226 824 3291 ualet
860 3227 923 3302 uel,
949 3228 976 3291 si
998 3228 1063 3292 iam
1086 3230 1183 3305 ualet,
1207 3228 1335 3304 mirum,
1359 3228 1387 3292 si
1403 3257 1431 3296 aa

237 3330 426 3413 persuadere
454 3333 602 3414 cuiquam
630 3335 747 3416 potest,
771 3332 834 3396 nisi
862 3332 929 3410 tali,
954 3334 1008 3415 qui
1032 3333 1128 3397 etiarn
1149 3334 1238 3398 nullo
1260 3333 1387 3398 homine

239 3437 349 3502 dooere
387 3442 518 3503 conante
555 3440 662 3521 potest
694 3438 790 3502 etiam
826 3438 896 3520 ipse
932 3439 997 3502 tale
1034 3439 1155 3522 aliquid
1191 3439 1386 3523 intellegere.
1468 3422 1471 3425 Α

276 3592 434 3648 ldnbitare
453 3594 507 3650 PR
596 3595 747 3649 2sentiam
768 3595 796 3648 P
878 3597 1066 3650 nonciscamor
1083 3596 1111 3649 P
1198 3598 1279 3665 dne]
1298 3596 1386 3651 oonb

239 3682 365 3737 5saltim
383 3683 438 3738 Pn
497 3685 632 3737 tractam
651 3684 679 3737 P
732 3683 908 3754 Sperspicue
926 3685 982 3738 ΕΡ
999 3684 1216 3755 praespicuaeb'
1273 3686 1385 3755 9prae·

238 3775 357 3844 sumptio
375 3771 490 3828 PRde
560 3773 691 3828 lecentb
765 3774 795 3828 ll
816 3775 986 3829 firmissimae
1005 3776 1033 3831 R
1109 3776 1216 3840 animae
1234 3775 1340 3828 animae
1357 3774 1389 3828 E

239 3862 272 3916 12
291 3865 389 3916 natura
406 3863 437 3915 E
506 3862 634 3917 fueratS
688 3864 720 3918 13
739 3863 977 3918 inrationabilisS
1025 3865 1060 3917 14
1077 3862 1233 3934 peccorisS
1282 3864 1315 3918 15
1328 3879 1385 3916 cor·

239 3968 286 4022 pos
306 3954 377 4020 (sup.
397 3953 445 4019 fin.
467 3970 481 4005 o
500 3968 535 4005 m.
556 3953 569 4005 l
591 3968 609 4004 u
631 3956 779 4020 eameram.)
798 3951 827 4007 R
918 3953 951 4006 16
969 3951 1233 4007 inrationabilemS
1320 3952 1384 4021 qual

239 4056 307 4110 quae
327 4040 364 4093 od
427 4040 460 4094 18
479 4042 503 4094 si
521 4056 627 4109 nequae
645 4040 674 4095 R
747 4042 779 4095 19
798 4042 967 4112 inrationali]
987 4042 1158 4097 rationuliS
1214 4043 1250 4096 20
1266 4042 1385 4095 hominis

239 4130 303 4183 lecit
317 4130 431 4185 PRde
484 4129 877 4186 mammaemammal>
927 4132 963 4185 22
983 4133 1080 4202 quibos
1098 4148 1150 4186 om.
1165 4129 1206 4185 R¹
1259 4130 1385 4200 23prae·

239 4218 381 4289 spicuisS
469 4220 504 4272 24
523 4218 683 4289 optineriS
769 4221 804 4273 25
823 4220 1055 4289 conpraehendere
1072 4220 1168 4275 E¹PR
1257 4220 1292 4289 si]
1312 4235 1341 4272 se
1359 4218 1388 4271 P

239 4307 324 4376 ualet]
344 4306 435 4361 ualeat
453 4306 569 4362 PRde
657 4307 692 4360 26
710 4306 776 4360 tali»
791 4308 818 4375 (a
836 4312 917 4375 eras.)
937 4308 965 4362 P
1053 4308 1087 4363 27
1111 4310 1226 4361 conante
1250 4307 1345 4362 docere
1365 4306 1388 4361 S

238 4395 296 4464 ipse
316 4395 398 4459 etiam
419 4396 523 4465 aliquid
542 4396 597 4449 tale
617 4396 711 4461 (etiam
731 4411 790 4463 cap.
810 4412 845 4451 m.
868 4398 892 4464 l)
913 4395 938 4449 S
