3159 4950
463 440 507 494 de
535 439 678 495 Genesi
706 438 750 493 ad
777 439 961 493 litteram
988 436 1054 492 lib.
1083 437 1105 490 I.
1345 439 1363 500 7

211 633 282 700 fieri
306 634 456 699 debuisse
480 634 511 698 in
535 635 590 698 illo
619 634 716 698 uerbo
751 636 810 709 est,
838 632 870 696 in
903 651 965 716 quo
998 653 1059 698 uon
1094 635 1144 696 est
1175 631 1300 714 quaudo
1333 634 1366 696 et

212 742 395 824 anquando,
421 743 567 825 quoniam
591 743 696 806 totum
719 741 800 806 illud
823 741 957 806 uerbum
979 743 1143 805 aeteruum
1167 742 1227 804 eet.

261 851 291 912 3.
316 849 358 912 Et
380 849 456 931 quid
485 851 534 913 est
559 849 615 913 lux
644 848 724 930 ipsa,
754 866 834 929 quae
866 848 951 912 iacta
982 847 1052 914 eet?
1084 849 1191 911 utrum
1224 845 1365 929 spiritale

213 955 292 1038 quid
315 975 354 1020 an
378 957 560 1038 corporale?
593 955 621 1020 ei
645 955 727 1019 enirn
762 954 915 1038 spiritale,
938 955 1046 1037 potest
1076 953 1147 1035 ipsa
1169 970 1240 1018 esee
1263 951 1365 1036 prima

167 1087 184 1124 e
212 1063 358 1126 ereatura
380 1062 443 1126 iam
467 1062 528 1127 hoo
551 1061 636 1129 dieto
660 1061 809 1145 perlecta,
832 1079 914 1143 quae
937 1059 1038 1145 primo
1062 1061 1186 1124 eaelum
1209 1059 1366 1142 appellata

213 1170 275 1242 cet,
300 1187 373 1233 cum
397 1168 517 1232 dictum
541 1171 605 1233 eet:
628 1169 664 1233 in
696 1167 886 1252 principio
919 1167 1014 1231 fecit
1037 1167 1129 1230 dous
1159 1168 1304 1231 caelum
1328 1167 1366 1229 et

211 1278 362 1353 terram,
396 1284 442 1350 ut,
467 1275 551 1357 quod
574 1275 671 1339 dixit
694 1275 801 1340 deus:
825 1275 898 1339 fiat
918 1275 996 1342 lux.
1027 1277 1063 1338 et
1084 1274 1187 1338 facta
1211 1275 1270 1337 eet
1291 1272 1364 1349 lux,

213 1400 285 1446 eam
308 1385 476 1448 reuocante
500 1382 540 1446 ad
565 1400 598 1446 se
623 1385 762 1446 creatore
796 1381 961 1446 eouuereio
994 1381 1061 1445 ciue
1093 1381 1178 1445 facta
1200 1381 1295 1462 atque
1317 1379 1364 1442 in·

211 1488 370 1552 inminuta
390 1489 606 1572 intellegatur.

158 1612 190 1654 ιο
260 1595 301 1658 Et
325 1614 382 1660 our
402 1595 449 1658 ita
472 1594 594 1660 dictum
619 1597 681 1660 eet:
706 1595 742 1660 iu
766 1594 956 1676 principio
980 1595 1075 1660 feeit
1102 1594 1194 1659 deue
1218 1594 1363 1657 caelum

213 1705 251 1763 et
275 1689 423 1779 terram,
450 1703 481 1764 et
504 1719 566 1766 non
590 1701 713 1764 dictum
737 1704 802 1766 est:
826 1701 858 1764 in
881 1701 1037 1784 principio
1066 1700 1144 1765 dixit
1172 1701 1265 1766 deus:
1289 1699 1365 1764 fiat

211 1808 338 1871 eaelum
363 1809 395 1872 et
417 1809 507 1872 terra.
533 1810 565 1871 et
586 1807 672 1872 facta
695 1811 770 1872 suut
795 1808 918 1872 caelum
947 1811 979 1873 et
1005 1812 1098 1885 terra,
1123 1807 1208 1872 sicut
1231 1807 1269 1871 de
1292 1807 1364 1870 luoe

210 1917 370 1978 narratur:
404 1913 499 1978 dixit
522 1913 628 1978 deus:
661 1913 734 1978 fiat
760 1915 833 1978 lux.
867 1918 903 1979 ct
925 1913 1028 1978 facta
1056 1916 1114 1979 cet
1136 1916 1222 1978 lux?
1255 1915 1363 1977 utrum

208 2019 301 2103 prius
334 2020 557 2086 uniuersaliter
588 2021 714 2085 nomine
747 2021 826 2086 caeli
861 2025 892 2085 et
918 2024 1018 2086 terrae
1046 2019 1364 2104 conprehendendum

156 2144 186 2186 1⁵
210 2130 280 2191 erat
304 2127 655 2204 commendandum,
679 2127 764 2210 quod
787 2128 976 2203 seutdom,
1001 2129 1033 2192 et
1052 2127 1165 2192 deinde
1183 2145 1240 2209 per
1257 2129 1364 2209 partes

209 2232 441 2316 exequendum,
465 2233 623 2317 quomodo
647 2233 733 2308 feeit,
767 2254 841 2299 eum
872 2254 929 2318 per
952 2233 1078 2317 singula
1109 2234 1245 2326 dicitur3
1270 2234 1365 2298 dixit

209 2341 316 2417 dene,
339 2339 373 2404 id
404 2344 464 2418 eet,
488 2342 563 2423 qnia
590 2360 646 2425 per
676 2341 811 2406 uerbum
844 2361 939 2405 enum
971 2341 1058 2416 feeit,
1082 2340 1236 2424 quidquid
1267 2341 1364 2409 fecit?

257 2449 289 2512 4.
313 2447 362 2512 An
391 2465 464 2512 oum
492 2448 630 2532 primurn
662 2447 759 2513 fiebat
790 2446 967 2513 informitas
1000 2446 1150 2511 materiae
1183 2447 1251 2512 eine
1275 2448 1364 2531 spiri-

207 2554 287 2619 talis
312 2554 380 2618 siue
405 2555 587 2637 corporalis,
611 2575 673 2621 nou
697 2558 764 2621 erat
792 2556 974 2621 dicendum:
1014 2554 1109 2619 dixit
1141 2554 1248 2619 deuo:
1281 2555 1362 2631 fiat,

153 2660 286 2742 acquic
310 2660 442 2725 formam
466 2660 554 2727 uerbi
578 2682 703 2745 semper
734 2663 818 2745 patri
841 2662 1048 2739 cohaerentia,
1082 2681 1144 2745 quo
1174 2662 1363 2745 sempiterne

208 2768 291 2831 dicit
313 2767 392 2833 deus
416 2768 530 2845 omnia,
555 2788 656 2851 neque
680 2788 758 2835 sono
774 2769 864 2835 uocis
885 2788 986 2852 neque
1010 2770 1204 2853 cogitatione
1220 2772 1364 2853 tempora

207 2893 361 2941 sonorum
385 2876 545 2951 uoluente,
570 2876 626 2941 sed
649 2880 817 2941 coaeterna
839 2877 899 2941 sibi
923 2877 995 2941 luce
1010 2896 1029 2941 a
1044 2895 1078 2942 ee
1093 2876 1218 2960 genitae
1242 2877 1363 2960 sapien-

206 2980 273 3045 tiae
297 3000 359 3045 nou
396 2980 539 3046 inritatur
572 2982 767 3065 inperfecto,
801 3001 874 3047 cum
912 2983 1078 3047 dissimilis
1116 2984 1155 3049 ab
1191 3003 1238 3062 eo,
1278 2984 1362 3065 quod

207 3104 336 3151 summe
360 3105 397 3151 ao
419 3087 566 3169 primitus
591 3092 650 3165 eat,
674 3088 867 3155 informitate
882 3090 1017 3171 quadam
1041 3090 1144 3154 tendit
1162 3089 1202 3153 ad
1216 3089 1362 3167 nihilum,

150 3212 183 3251 ιε
206 3192 267 3257 sed
289 3196 367 3258 tunc
390 3193 533 3258 imitatur
555 3195 644 3259 uerbi
662 3195 797 3260 formam
812 3201 1045 3278 temperetque
1060 3179 1363 3262 incommutabiliter
1432 3236 1437 3246 ·

206 3299 293 3382 patri
316 3299 547 3379 cohaerentem,
581 3319 653 3366 cum
687 3305 719 3366 et
750 3302 822 3385 ipsa
848 3322 904 3384 pro
933 3305 985 3367 eui
1008 3305 1131 3388 generis
1156 3304 1362 3369 conuereioue

206 3405 316 3483 adid,
342 3406 426 3488 quod
449 3426 522 3473 uere
555 3426 591 3472 ac
620 3426 745 3491 semper
768 3413 827 3486 eet,
861 3409 894 3473 id
927 3412 977 3475 eet
1008 3412 1047 3475 ad
1080 3414 1252 3476 creatorem
1285 3430 1362 3475 suae

301 3616 318 3668 6
337 3613 404 3671 Gen.
424 3616 448 3679 1,
469 3620 482 3673 l
540 3618 556 3670 7
576 3614 641 3671 Gen.
664 3616 687 3683 1,
708 3617 724 3671 3

245 3739 351 3794 2illud
370 3740 489 3795 totumb
544 3741 659 3812 3quae]
681 3740 786 3811 quaE¹
834 3742 930 3796 4eeee
949 3742 1047 3813 ipeaS
1095 3744 1232 3814 5queP²
1281 3746 1358 3799 θρε-

204 3832 353 3883 necantem
372 3828 411 3883 Ει
501 3833 651 3884 creatorem
670 3829 709 3884 Ει
778 3832 812 3884 12
831 3835 859 3885 et
878 3832 1061 3887 lacta-terra
1078 3848 1099 3886 e.
1120 3834 1138 3887 l.
1158 3833 1224 3887 cdd.
1244 3851 1278 3887 m.
1298 3835 1315 3886 2
1333 3836 1364 3889 Ε

206 3920 243 3973 14
263 3918 553 3988 conpraehendendum
571 3920 602 3974 E
660 3921 692 3973 15
713 3920 947 3974 conmendandum
965 3920 994 3973 P
1052 3922 1085 3975 17
1105 3939 1153 3992 per
1170 3939 1193 3978 c.
1211 3922 1230 3977 l.
1249 3940 1284 3976 na
1305 3922 1363 3977 lS

203 4006 339 4078 quicquid
357 4004 420 4061 E²S
493 4007 526 4061 18
546 4008 587 4062 An
607 4009 708 4063 excidit
724 4010 755 4063 Ε
829 4009 887 4062 ciue
907 4010 959 4079 (ein
978 4009 1076 4077 aeid.)
1093 4010 1125 4064 Ε
1193 4011 1229 4064 20
1247 4010 1359 4065 somnam

204 4097 551 4166 (mfin.m.2inrae)E
603 4098 820 4153 coherentieER
873 4099 1054 4169 sempiternae
1066 4098 1140 4154 E¹S¹
1176 4100 1209 4154 21
1222 4116 1282 4154 mem
1294 4116 1361 4155 uoce

202 4187 300 4239 omnia
317 4202 379 4255 cap.
395 4186 411 4239 3
426 4186 525 4253 finitur
543 4186 558 4241 b
625 4190 659 4242 22
679 4205 731 4258 quo
752 4192 863 4242 aeterna
876 4188 905 4243 R
924 4192 1082 4243 coaeternae
1095 4188 1128 4244 8¹
1200 4190 1254 4243 eibi
1272 4189 1362 4245 oms

201 4276 240 4329 23
258 4276 391 4329 imctatur
405 4274 444 4329 E¹
516 4275 703 4346 imperseetob
758 4277 794 4330 24
812 4294 930 4331 aumrrree
949 4280 977 4343 (a
996 4282 1078 4345 erae.)
1092 4278 1123 4331 E
1192 4278 1359 4333 nihilumE¹

201 4362 406 4419 261ὀτιρεΕι
461 4364 496 4417 26
516 4362 687 4419 coherentem
706 4363 787 4421 Elea
