3159 4950
452 459 493 513 de
521 457 665 514 Genesi
694 459 737 516 ad
764 459 947 514 litteram
976 459 1042 516 lib.
1071 459 1103 513 X.
1277 459 1342 552 329

198 655 386 721 dominum
410 653 539 718 audire
558 653 744 724 etnidere
764 653 957 731 debuerat,
976 653 1117 718 habens
1136 655 1174 718 et
1192 655 1343 719 ceteros

198 763 302 828 artus
326 778 392 843 per
414 778 507 843 quos
532 762 568 824 ct
591 758 625 824 in
651 758 958 843 cogitationibus
982 758 1108 824 utitur
1130 761 1168 823 et
1189 758 1226 824 in
1250 777 1342 824 sorn-

197 868 254 933 nis
277 865 463 950 iungitur.

240 974 334 1054 Ecce,
367 971 483 1056 quibus
516 971 646 1037 auribus
679 974 712 1038 ct
744 972 860 1055 quibus
893 971 996 1037 oculis
1028 971 1140 1037 debuit
1170 970 1279 1036 andire
1311 975 1344 1036 et

170 1080 303 1147 uuidere
328 1079 422 1145 deum
445 1079 596 1162 populns,
615 1079 731 1162 quibus
745 1079 860 1144 anima
880 1079 914 1144 in
937 1079 1058 1145 somnis
1080 1078 1234 1164 fungitur,
1258 1097 1342 1156 cum,

197 1188 224 1252 si
246 1187 354 1271 ipsum
376 1185 610 1251 Tertullianum
633 1185 802 1270 quisquam
824 1183 950 1250 uideret
967 1185 1000 1251 in
1019 1185 1153 1262 somnis,
1170 1203 1343 1268 numquam

196 1312 230 1360 se
259 1293 378 1360 diceret
405 1293 444 1358 ab
474 1311 510 1358 eo
539 1291 646 1358 uisum
675 1295 708 1358 et
736 1311 810 1358 cum
838 1310 876 1356 eo
899 1293 1055 1368 locutum,
1080 1310 1175 1376 quem
1198 1291 1342 1357 uicissim

196 1401 264 1483 ipse
297 1419 359 1465 non
392 1399 537 1466 uidisset.
574 1402 747 1483 postremo,
780 1398 810 1464 si
840 1397 947 1463 anima
978 1418 1014 1464 se
1044 1399 1149 1483 ipsam
1184 1399 1276 1464 uidet
1310 1398 1343 1462 in

196 1506 328 1586 somnis,
351 1524 424 1571 oum
447 1505 625 1570 iacentibus
648 1504 758 1589 ntique
777 1523 842 1569 nno
860 1505 931 1570 loco
954 1505 1107 1571 membris
1130 1505 1269 1590 corporis
1291 1504 1343 1569 sui

153 1637 179 1678 ro
195 1613 267 1698 ipsa
297 1631 354 1696 per
384 1612 489 1677 nerias
520 1611 677 1696 imagines
710 1614 874 1696 surgatur,
911 1629 991 1695 quos
1027 1611 1126 1691 uidet,
1163 1612 1235 1696 quis
1273 1630 1344 1677 cam

196 1719 278 1785 uidit
300 1718 469 1803 aliquando
493 1719 525 1784 in
548 1718 668 1784 somnis
691 1717 769 1784 aerii
792 1719 907 1784 coloris
931 1720 964 1783 et
985 1717 1096 1797 lucidi,
1118 1719 1181 1784 uisi
1202 1720 1284 1785 forte
1306 1722 1344 1784 ut

197 1830 310 1905 cetera,
335 1844 416 1909 quae
439 1825 588 1890 similiter
608 1825 690 1890 falso
714 1824 825 1890 uidet?
857 1843 930 1891 nam
954 1829 988 1891 et
1009 1825 1071 1892 boc
1092 1829 1202 1910 potest
1223 1825 1344 1892 nidere.

197 1932 252 1998 scd
280 1932 375 2010 absit,
403 1935 442 1996 nt
469 1951 538 1996 esm
566 1932 675 2011 talem,
705 1951 778 1998 cum
806 1931 1019 2017 enigilanerit
1049 1933 1170 2010 credat3
1203 1933 1343 2016 alioquin

197 2037 322 2122 quaudo
346 2057 380 2104 se
403 2039 496 2104 aliter
518 2037 646 2117 uiderit,
669 2036 754 2122 quod
776 2039 881 2122 magis
904 2039 1049 2104 crebrum
1068 2042 1128 2116 est,
1147 2042 1205 2105 aut
1220 2043 1345 2105 mutata

154 2169 179 2210 u
196 2146 256 2211 erit
278 2146 383 2210 anima
406 2145 486 2228 eius,
509 2146 565 2209 aut
587 2163 646 2210 nec
669 2148 746 2210 tuuc
770 2145 894 2211 animae
917 2145 1046 2210 rridetur
1073 2145 1263 2222 substantia
1287 2145 1344 2212 sed

196 2251 300 2338 imago
330 2251 468 2334 corporis
496 2251 691 2335 incorporea,
721 2271 802 2335 quae
829 2251 908 2318 miro
937 2252 1031 2318 modo
1060 2253 1146 2318 sicut
1166 2253 1200 2318 in
1224 2253 1344 2337 cogita·

195 2358 281 2423 tione
304 2358 467 2424 formatur.
492 2359 562 2440 quis
587 2359 672 2424 enim
684 2357 840 2444 Aethiops
864 2377 926 2424 nou
947 2377 1048 2442 paene
1071 2379 1196 2443 semper
1217 2359 1343 2444 nigrum

197 2486 231 2533 se
254 2465 338 2531 uidit
360 2465 391 2531 in
415 2465 535 2532 somnis
560 2469 625 2543 ant,
650 2467 678 2532 si
701 2466 734 2532 in
757 2467 821 2532 alio
845 2467 951 2533 colore
975 2486 1010 2533 se
1032 2466 1127 2546 uidit,
1156 2486 1216 2533 non
1240 2467 1344 2553 magis
1466 2513 1470 2520 -

196 2573 330 2639 miratus
354 2576 413 2651 est,
437 2573 465 2638 si
487 2572 550 2638 fuit
573 2592 647 2641 curu
667 2573 725 2641 iilo
749 2575 923 2640 memoria?
946 2575 1029 2641 aerio
1053 2580 1160 2641 tamen
1183 2576 1288 2641 colore
1307 2594 1343 2640 ac

150 2704 177 2745 20
195 2679 301 2745 lucido
324 2680 433 2747 nescio
457 2682 564 2745 utrum
588 2699 623 2746 ss
646 2699 798 2764 umquam
824 2680 973 2760 uidisset,
996 2681 1025 2747 si
1047 2700 1220 2763 numquam
1243 2682 1343 2747 istum

195 2785 329 2871 legisset
350 2786 404 2852 uel
426 2786 580 2853 audisset.
1098 2776 1100 2781 ’

242 2890 345 2971 Quid?
378 2891 463 2977 qnod
496 2892 656 2959 ducuntur
686 2893 832 2961 homines
865 2894 985 2961 talibus
1017 2894 1099 2961 nisis
1123 2894 1217 2960 etde
1245 2894 1343 2979 scrip·

196 2999 276 3064 turis
300 3000 391 3065 nobis
415 3000 530 3066 uolunt
551 3000 764 3085 praescribere
787 3002 852 3066 tale
875 3001 997 3085 aliquid
1020 3020 1091 3069 esse
1113 3022 1175 3069 non
1194 3002 1343 3076 animam,

196 3104 253 3169 sed
267 3106 373 3189 ipsum
389 3105 495 3175 deum.
512 3106 615 3189 qualis
630 3106 811 3191 ,figuraliter
829 3110 1012 3173 sanctorum
1031 3107 1198 3191 spiritibus
1217 3107 1342 3173 demon·

151 3236 179 3279 ss
197 3216 316 3277 stratus
335 3214 394 3286 est,
411 3211 513 3294 qualis
533 3210 630 3276 etiam
648 3210 682 3276 in
701 3230 844 3279 sermone
864 3212 1034 3297 allegorico
1057 3213 1196 3296 ponitur.
1225 3212 1343 3278 similia

234 3406 244 3455 1
268 3402 417 3471 dominum]
438 3400 490 3455 dett
510 3402 526 3456 b
585 3402 669 3474 2per
687 3418 755 3473 quos
775 3407 806 3469 (a.
821 3403 839 3457 1.
853 3421 888 3458 m.
907 3406 928 3456 2
946 3402 1056 3473 quibus)
1073 3402 1103 3459 R
1174 3403 1342 3475 cogitatibus

197 3492 237 3547 ed.
256 3490 339 3559 soff.
358 3495 384 3545 ct
405 3488 485 3545 Wiss.
562 3490 675 3561 somnis]
693 3491 807 3545 somniis
824 3490 909 3560 Res'ff.
934 3490 1017 3545 Wisa.
1088 3490 1248 3561 arnugum
1267 3494 1291 3555 (r
1308 3508 1342 3546 aa

195 3580 232 3650 m)
251 3580 279 3633 P
332 3578 509 3648 iloquutnm
524 3578 930 3649 PR,(m.1caloqneure)S
971 3579 1044 3649 8se]
1065 3576 1188 3634 semetS
1238 3580 1340 3651 tloco]

195 3670 224 3723 in
242 3668 302 3723 loco
322 3667 337 3722 b
394 3667 428 3724 10
447 3668 536 3722 namus
556 3670 584 3736 (a
597 3668 650 3738 fin.
668 3683 803 3737 superam.
820 3685 856 3724 aa.
875 3671 891 3722 1
907 3684 968 3737 usp.
987 3666 1053 3736 018
1125 3667 1245 3739 imagine
1263 3685 1341 3723 sena·

196 3761 277 3828 gutur
294 3757 333 3813 R²
418 3758 561 3826 enagetnr]
582 3755 788 3827 peruagaturS
871 3772 940 3826 quas
957 3754 1177 3813 uideremus
1254 3756 1341 3827 uidet]

195 3844 267 3900 uidit
280 3845 308 3899 P
374 3846 434 3916 qnia
450 3844 597 3915 aliqnando
616 3860 645 3899 se
661 3844 737 3899 uidet
749 3844 777 3898 in
792 3845 894 3899 somnis
907 3860 965 3913 sqq.
980 3843 1004 3900 S
1050 3860 1110 3898 eam
1124 3844 1342 3901 1111101111)Ιίι

197 3934 229 3989 11
239 3940 305 4004 post
319 3932 465 4005 aliquando
483 3934 516 3988 ia
533 3950 583 4003 my.
604 3933 671 3989 add.
689 3948 725 3987 m.
744 3934 761 3989 2
780 3950 810 3987 se
829 3932 901 3987 uidit
918 3932 946 3987 R
1001 3932 1097 3987 coleris
1115 3934 1144 3987 P
1197 3933 1235 4003 et]
1255 3950 1286 3988 ac
1304 3934 1343 3988 bd

195 4024 229 4077 12
248 4022 369 4094 potesS
415 4024 450 4077 14
469 4022 550 4093 qnod]
570 4022 635 4094 quid
654 4022 688 4077 8¹
737 4022 770 4077 lb
788 4025 854 4077 tuuc
873 4022 963 4077 euima
980 4021 1010 4076 R
1055 4020 1088 4075 16
1107 4037 1169 4076 wia
1185 4037 1253 4078 accc
1269 4023 1341 4077 sicut

194 4112 294 4181 incipit
312 4112 371 4167 cod.
388 4111 420 4167 E
489 4112 569 4181 sicut]
590 4111 627 4166 sit
645 4111 676 4165 Is'
760 4110 793 4165 17
812 4111 902 4181 etiope
921 4111 948 4163 P
962 4110 1070 4180 ethiops
1089 4109 1117 4166 R
1187 4126 1274 4182 poeno
1291 4110 1343 4166 PB

196 4200 230 4255 18
248 4199 326 4255 uidet
344 4199 382 4256 Sb
446 4198 565 4255 nidetS
622 4200 655 4254 19
674 4198 788 4254 aerccb
846 4199 883 4254 20
900 4197 1059 4268 uniquus
1134 4197 1259 4270 uidisset]
1279 4200 1340 4270 quis

196 4289 273 4343 uidet
291 4278 361 4345 sis
448 4290 482 4344 22
501 4288 629 4344 dicuntur
645 4289 674 4344 R
763 4288 903 4343 scribturis
921 4287 979 4342 ΕΡ
1064 4287 1101 4341 24
1125 4288 1294 4357 spiritalibus
1311 4288 1342 4343 E

196 4376 231 4432 15
250 4377 395 4448 allegorico
415 4378 460 4449 (go
478 4394 500 4433 a.
520 4378 538 4433 1.
557 4394 591 4433 m.
610 4381 635 4445 1)
656 4376 680 4433 S
