3159 4950
248 482 290 544 44
619 479 646 531 S.
674 478 815 532 Aureli
842 478 1062 548 Augustini

247 675 368 739 lactum
394 676 452 750 est,
477 677 515 738 ut
538 679 624 739 esset
642 674 704 738 iam
723 675 794 758 ipsa
814 675 893 738 caeli
913 679 1055 739 creatura
1073 675 1105 739 in
1126 693 1240 759 genere
1258 674 1397 757 proprio.

248 781 295 845 sic
329 784 361 845 et
395 781 544 846 discretio
577 783 630 846 uel
664 782 786 864 species
824 800 977 864 aquarum
1017 784 1112 864 atque
1148 786 1317 857 terrarum,
1350 783 1398 846 sio

247 889 377 951 naturae
405 887 563 971 lignorum
594 890 626 950 et
654 887 834 963 herbarum,
863 886 910 950 sic
938 887 1108 950 luminaria
1140 886 1230 964 caeli,
1259 888 1306 951 sic
1333 887 1398 951 ani·

248 994 367 1057 mantia
391 997 459 1059 orta
482 1013 517 1058 ex
541 993 631 1076 aquis
656 1011 692 1058 ac
716 997 808 1057 terra.

292 1101 405 1182 Neque
429 1101 511 1164 enim
537 1100 621 1166 sicut
644 1119 758 1182 pecora
782 1100 851 1166 solo
875 1119 972 1164 sensu
996 1101 1136 1182 corporis
1159 1099 1272 1164 uident
1294 1099 1400 1184 angeli
1431 1119 1450 1158 s
1559 1142 1560 1169 p

247 1207 325 1272 haec
355 1208 537 1282 sensibilia;
568 1207 624 1272 sed
648 1208 676 1272 si
700 1227 763 1290 quo
788 1227 884 1272 sensu
908 1209 966 1272 tali
991 1209 1134 1283 utuntur,
1159 1209 1339 1291 agnoscunt
1361 1225 1399 1270 ea

248 1315 365 1396 potius,
396 1334 475 1397 quae
503 1315 620 1379 melius
648 1318 807 1379 nouerunt
833 1315 967 1379 interius
999 1315 1031 1378 in
1065 1315 1134 1396 ipso
1163 1313 1215 1378 dei
1242 1313 1351 1387 uerbo,
1380 1331 1400 1375 a

250 1439 310 1503 quo
339 1421 580 1498 inluminantur,
609 1425 646 1485 ut
674 1422 835 1503 sapienter
862 1422 984 1499 uiuant,
1018 1441 1090 1485 curn
1129 1421 1172 1485 sit
1198 1421 1229 1484 in
1260 1419 1305 1484 eis
1332 1420 1396 1494 lux,

249 1547 328 1609 quae
352 1528 453 1610 primo
478 1528 562 1592 facta
587 1532 646 1606 est,
672 1529 699 1592 si
722 1529 830 1593 lucem
854 1529 1030 1611 spiritalem
1058 1530 1091 1592 in
1117 1528 1174 1593 illo
1203 1527 1254 1590 die
1281 1526 1398 1590 factam

248 1634 477 1716 intellegimus,
508 1634 775 1716 quemadmodum
796 1654 870 1719 ergo
889 1635 980 1712 ratio,
1000 1655 1063 1718 qua
1082 1638 1224 1699 creatura
1243 1632 1398 1707 conditur,
1419 1651 1451 1690 ro

249 1741 334 1823 prior
362 1743 412 1805 est
439 1741 470 1806 in
499 1743 596 1805 uerbo
626 1741 677 1805 dei
711 1761 807 1823 quam
838 1742 910 1824 ipsa
942 1746 1095 1819 creatura,
1129 1760 1209 1824 quae
1242 1739 1398 1813 conditur,

250 1847 296 1911 sic
321 1849 354 1911 et
377 1847 520 1911 eiusdem
544 1847 675 1912 rationis
701 1849 841 1932 cognitio
865 1849 953 1932 prius
977 1849 1015 1912 fit
1035 1849 1067 1912 in
1092 1851 1235 1912 creatura
1256 1846 1401 1910 intellec·

250 1953 341 2031 tuali,
367 1973 446 2036 quae
470 1958 601 2037 peccato
626 1974 687 2019 non
711 1956 877 2019 tenebrata
900 1961 959 2032 est,
985 1975 1022 2020 ac
1041 1955 1153 2019 deinde
1171 1955 1241 2036 ipsa
1259 1953 1400 2018 conditio

251 2065 421 2126 creaturae.
460 2081 562 2144 neque
591 2063 673 2127 enim
699 2063 784 2127 sicut
806 2082 864 2127 nos
888 2063 928 2126 ad
950 2062 1186 2146 percipiendam
1210 2060 1400 2142 sapientiam

250 2167 457 2250 proficiebant
479 2169 594 2252 angeli,
617 2172 655 2233 ut
677 2168 855 2233 inuisibilia
878 2169 930 2233 dei
951 2188 1008 2250 per
1031 2187 1077 2244 ea,
1101 2187 1181 2250 quae
1204 2167 1290 2232 facta
1313 2169 1399 2240 sunt,
1423 2185 1451 2222 1⁵

250 2274 414 2340 intellecta
447 2275 696 2357 conspicerent.
722 2275 776 2358 qui
809 2295 845 2340 ex
879 2295 940 2358 quo
974 2274 1071 2340 creati
1099 2277 1184 2349 sunt,
1212 2275 1283 2355 ipsa
1309 2272 1399 2336 uerbi

251 2381 436 2446 aeternitate
475 2385 585 2448 sancta
618 2385 650 2446 et
680 2382 734 2464 pia
767 2383 1035 2465 contemplatione
1066 2380 1271 2463 pertruuntur
1303 2385 1399 2460 atque

250 2487 322 2552 inde
355 2489 419 2553 ista
449 2490 657 2571 respicientes
690 2490 866 2555 secundum
893 2490 937 2568 id,
968 2489 1052 2572 quod
1079 2489 1166 2553 intus
1195 2487 1317 2565 uiuent,
1345 2489 1400 2551 uel

250 2598 336 2659 recte
359 2596 444 2661 facta
467 2597 643 2680 adprobant
666 2598 719 2661 uel
743 2601 876 2681 peccata
898 2597 1078 2681 inprobant.

294 2702 362 2765 Nec
385 2704 500 2767 mirum
529 2706 587 2778 est,
618 2704 701 2786 quod
731 2705 851 2769 sanctis
880 2704 1003 2788 angelis
1032 2704 1099 2769 suis
1127 2703 1160 2767 in
1188 2702 1290 2785 prima
1316 2702 1398 2765 lucis
1421 2718 1455 2755 »υ

252 2808 430 2873 conditione
454 2810 599 2874 sonneiis
623 2811 710 2893 prius
735 2810 814 2875 deus
839 2810 1037 2888 ostendebat,
1061 2810 1146 2891 quod
1165 2812 1232 2873 erat
1250 2809 1398 2889 deinceps

251 2918 423 2982 creaturus.
457 2936 558 2998 neque
583 2917 667 2981 enim
691 2917 893 2981 intellectum
918 2916 968 2981 dei
991 2920 1135 2993 nossent,
1159 2916 1222 2981 nisi
1245 2918 1396 2999 quantum

250 3022 319 3103 ipse
351 3025 571 3088 monstrasset.
614 3024 684 3105 quis
718 3024 803 3087 enim
837 3024 989 3107 cognouit
1019 3024 1220 3087 intellectum
1253 3021 1398 3087 domini?

344 3284 375 3335 15
395 3284 427 3337 cf.
447 3284 523 3337 Rom.
546 3285 623 3349 1,20
678 3286 711 3339 22
732 3284 765 3341 cl.
785 3286 863 3339 Rom.
885 3285 926 3349 11,
948 3285 1053 3338 34-36

290 3453 387 3521 liam]
407 3454 487 3507 etium
508 3453 622 3509 PRde
712 3454 806 3523 generi
824 3454 855 3507 E
942 3454 1016 3522 2et]
1039 3455 1118 3506 utet
1137 3452 1253 3520 (inrue.
1272 3469 1305 3505 m.
1325 3450 1402 3518 2)Ε

252 3570 353 3636 speties
372 3568 400 3623 R
454 3569 629 3623 enatares
699 3535 881 3623 herbdrumS
934 3568 1017 3621 6sed
1035 3568 1118 3621 oreb
1191 3568 1214 3620 si
1235 3568 1277 3633 (in
1294 3584 1343 3636 nep.
1362 3582 1397 3619 m.

252 3657 316 3709 aar
334 3657 382 3723 sic)
402 3656 432 3709 E
503 3658 589 3726 'ique
608 3658 638 3710 E
708 3657 796 3726 [isit]
818 3657 851 3709 fit
867 3656 935 3711 ER¹
1007 3656 1041 3710 10
1062 3656 1255 3725 intellegamus
1273 3653 1401 3709 Paleou

252 3771 486 3841 quemammodum
505 3771 582 3827 Pas
664 3739 765 3841 qusre
785 3772 897 3842 quaeS
975 3770 1142 3826 conditorS
1204 3772 1237 3823 12
1255 3772 1284 3824 in
1303 3786 1354 3824 om.
1372 3770 1401 3822 P

254 3861 287 3914 13
306 3860 449 3914 tenebrata
466 3878 519 3915 non
540 3861 577 3915 bd
648 3862 779 3931 conditio]
801 3862 920 3931 cognitio
940 3862 955 3915 b
1034 3862 1067 3914 14
1086 3860 1233 3929 creaturae]
1253 3876 1342 3915 creare
1360 3858 1399 3911 P¹

247 3954 313 4017 post
341 3952 478 4003 creaturae
507 3950 572 4005 add.
601 3954 696 4019 postea
723 3951 751 4003 in
780 3966 878 4021 genere
906 3950 1013 4020 proprio
1037 3950 1053 4002 b
1145 3950 1172 4003 dl
1194 3946 1402 4019 sapientiamS

255 4038 287 4091 16
307 4038 402 4106 creati]
420 4038 487 4091 lacti
507 4038 522 4091 b
595 4038 673 4092 uerbi
692 4039 774 4092 onab
831 4039 863 4093 11
883 4038 1114 4108 contemplatione
1135 4041 1197 4105 (one
1211 4038 1322 4092 addae.
1335 4034 1402 4103 2lS

255 4126 286 4179 18
310 4126 497 4195 respicientes]
520 4126 695 4196 respicientes
720 4136 751 4196 [a.
778 4126 796 4179 l.
819 4143 854 4179 m.
874 4127 891 4179 2
911 4126 940 4179 al
962 4125 1006 4195 de)
1025 4126 1055 4179 Ε
1076 4124 1256 4195 despicientes
1274 4122 1401 4179 PR²de

253 4214 428 4285 dispicientes
446 4214 486 4269 12¹
577 4217 609 4269 19
633 4218 721 4269 rectae
739 4214 768 4270 R
858 4216 890 4268 21
916 4214 982 4269 deus
1001 4232 1051 4270 om.
1071 4215 1111 4268 E¹
1205 4215 1241 4268 22
1261 4218 1400 4267 creaturus

254 4315 283 4366 lu
310 4304 358 4369 fin.
385 4320 418 4357 m.
444 4304 455 4355 l
482 4318 568 4371 supra
592 4304 611 4371 i)
642 4303 664 4357 S
753 4304 788 4356 23
816 4302 996 4372 intellectum]
1024 4320 1133 4357 sensum
1157 4304 1178 4356 S
1286 4302 1401 4369 domini]

253 4390 280 4444 dl
299 4392 353 4447 PR
