3159 4950
245 471 309 533 140
595 466 622 520 S.
644 467 742 520 Aure
773 466 783 518 i
813 465 1035 534 Augustini

244 662 450 727 admonemur
477 661 516 726 do
543 661 612 743 ipso
641 661 692 724 die
721 661 870 744 cogitare,
904 679 998 742 quem
1032 659 1101 724 siue
1135 661 1328 742 corporalem
1361 661 1393 724 in

243 769 350 834 nescio
379 788 442 851 qua
467 769 539 832 luce
568 767 659 832 nobis
687 767 850 851 incognita
878 767 947 831 siue
976 765 1151 847 spiritalem
1180 765 1211 830 in
1241 767 1395 832 socictate

242 875 376 940 unitatis
413 874 575 958 angelicae
607 892 668 938 nou
702 876 810 937 tamen
843 873 950 950 talem,
984 873 1112 954 qualern
1147 871 1198 936 hic
1232 873 1393 950 nouimus,

243 981 408 1046 intellectu
430 980 592 1062 uestigare
617 997 777 1044 conemur.

289 1089 320 1151 3.
343 1087 430 1153 illud
457 1088 553 1152 etiam
580 1105 642 1150 non
671 1086 710 1149 ab
733 1105 766 1149 re
790 1085 888 1148 fuerit
911 1085 1040 1163 intueri,
1066 1085 1160 1168 quod,
1186 1103 1259 1150 cum
1283 1089 1426 1169 possets¹

244 1194 363 1259 dicere:
386 1193 439 1258 hic
462 1196 512 1257 est
533 1192 614 1257 liber·
636 1194 798 1256 creaturae
823 1190 903 1256 caeli
927 1193 959 1255 et
982 1195 1093 1270 terrae,
1119 1211 1191 1256 cunr
1214 1191 1291 1256 fecit
1315 1192 1394 1256 deris

244 1302 368 1366 caelum
397 1304 429 1364 et
456 1303 582 1376 terreni,
610 1302 648 1362 ut
675 1299 707 1362 in
736 1298 824 1362 caelo
853 1300 885 1362 et
913 1300 997 1362 terra
1019 1298 1280 1383 intellegeremus
1305 1299 1394 1381 quid-

244 1407 320 1490 quid
352 1407 384 1471 in
417 1407 462 1472 eis
496 1409 555 1481 θε1,
590 1407 676 1470 sicut
706 1405 795 1487 loqui
829 1403 936 1470 diuina
965 1405 1122 1488 scriptura
1151 1406 1328 1480 consueuit,
1359 1409 1395 1468 nt

244 1514 371 1579 nomine
394 1513 473 1578 caeli
498 1515 529 1577 et
552 1515 653 1576 terrae
677 1512 874 1594 saepissime,
902 1512 1062 1576 interdum
1091 1512 1197 1576 addito
1228 1515 1260 1576 et
1286 1513 1393 1588 maris,

243 1621 425 1685 uniuersam
448 1619 588 1684 insinuet
611 1621 798 1696 creaturam,
823 1618 990 1699 aliquando
1016 1619 1190 1702 adiungens
1215 1621 1247 1682 et
1270 1619 1393 1684 dicens:
1416 1643 1441 1680 ιο

244 1731 277 1792 et
301 1745 380 1810 quae
404 1731 480 1790 sunt
501 1727 532 1790 in
553 1726 610 1802 eis,
629 1728 676 1801 ut,
701 1724 856 1807 quidquid
880 1725 993 1790 horum
1018 1725 1145 1803 diceret,
1165 1725 1211 1789 ibi
1229 1725 1394 1809 intellege·

243 1851 350 1896 remus
382 1833 415 1894 et
447 1830 542 1908 diem,
576 1830 645 1894 siue
679 1849 774 1911 quern
806 1829 955 1912 primitus
991 1829 1142 1909 condidit,
1177 1830 1246 1894 siue
1283 1831 1393 1908 isturn,

244 1957 339 2020 quem
370 1937 549 2020 praesentia
581 1937 659 2002 solis
691 1937 870 2000 iacitznon
903 1937 947 2001 ita
985 1936 1071 2012 dixit,
1110 1937 1165 2002 scd
1203 1937 1395 2020 interposuit

245 2044 329 2109 diem
354 2043 477 2107 dicens:
503 2062 584 2107 cum
607 2043 735 2108 factus
760 2045 819 2108 est
843 2042 933 2108 dies.
968 2063 1026 2108 nec
1049 2044 1094 2106 ita
1123 2043 1249 2108 locutus
1275 2045 1333 2121 est,
1359 2047 1395 2107 ut

244 2150 376 2214 diceret:
401 2150 453 2214 hic
472 2154 523 2214 est
539 2149 620 2214 liber·
638 2152 799 2214 creaturae
819 2149 882 2214 diei
901 2153 933 2214 et
952 2150 1030 2214 caeli
1050 2153 1083 2213 et
1101 2153 1211 2228 terrae,
1231 2154 1393 2232 tamquam
1413 2176 1440 2214 ιθ

243 2256 305 2321 hoc
324 2256 443 2332 ordine,
463 2275 526 2338 quo
547 2256 632 2320 facta
652 2259 826 2330 narrantur,
843 2275 900 2320 nec
914 2255 973 2320 ita:
994 2256 1046 2320 hic
1066 2259 1116 2320 est
1133 2257 1215 2319 liber
1233 2258 1393 2321 creaturae

245 2363 325 2427 caeli
349 2366 382 2427 et
404 2365 516 2439 terrae,
546 2381 619 2428 cum
646 2362 751 2427 iactus
780 2364 830 2426 est
854 2361 920 2426 dies
945 2365 977 2426 et
1001 2362 1125 2426 caelum
1150 2365 1182 2426 el
1204 2365 1296 2440 terra,
1321 2381 1393 2426 curn

243 2469 321 2535 fecit
348 2469 427 2535 deus
456 2469 580 2534 caelum
609 2471 642 2533 et
669 2471 785 2533 terram
815 2471 847 2533 et
875 2488 966 2533 ornne
1000 2468 1099 2534 uiride
1133 2469 1210 2552 agri,
1243 2488 1301 2535 nec
1332 2468 1393 2533 ita:

243 2577 297 2641 hic
315 2580 366 2642 est
383 2578 465 2642 liber
483 2580 645 2641 creaturae
664 2576 743 2640 caeli
767 2578 800 2639 et
823 2578 933 2653 terrae,
955 2595 1027 2640 cum
1052 2576 1128 2641 fecit
1152 2576 1230 2643 deus
1255 2576 1338 2641 diem
1362 2580 1395 2641 et

244 2684 367 2747 caelum
392 2687 425 2747 et
447 2686 562 2747 terram
588 2686 620 2747 et
643 2701 735 2747 omno
758 2681 861 2746 uiride
890 2682 967 2765 agri,
991 2700 1047 2747 nec
1076 2683 1135 2747 ita:
1165 2683 1216 2747 hic
1242 2686 1292 2747 est
1314 2682 1394 2747 liber
1413 2712 1442 2749 ao

245 2793 405 2855 creaturae
430 2788 509 2853 caeli
533 2790 565 2853 et
587 2792 699 2853 terrae.
719 2788 796 2853 iecit
819 2788 897 2853 deus
922 2788 1003 2853 diem
1030 2792 1062 2854 et
1085 2790 1207 2853 caelum
1228 2794 1393 2855 ottonum

244 2899 277 2959 et
300 2914 391 2959 omne
414 2894 518 2959 uiride
541 2895 608 2977 agri
635 2931 672 2941 -
698 2894 758 2959 lios
782 2895 866 2959 enim
890 2896 993 2979 magis
1016 2896 1189 2961 locutionis
1213 2897 1324 2962 modos
1349 2899 1393 2962 lo-

245 3002 362 3085 quendi
380 3001 579 3067 consuetudo
598 3002 753 3084 poscebat
767 3025 826 3067 -ε
844 3002 900 3067 sed
923 3002 982 3067 ait:
1007 3003 1068 3067 hie
1094 3006 1153 3069 est
1175 3004 1273 3069 liber
1297 3023 1393 3069 crea-

244 3114 350 3173 turae
375 3109 471 3173 caeli
496 3112 531 3173 et
555 3112 690 3185 terrae,
714 3128 796 3174 cum
820 3110 945 3175 lactus
974 3114 1033 3175 est
1056 3110 1149 3186 dieo,
1173 3110 1268 3176 fecit
1297 3111 1392 3176 deus

245 3217 390 3279 caelum
424 3218 466 3279 et
498 3220 638 3280 terram
667 3220 704 3281 et
727 3236 834 3281 omne
859 3216 985 3281 uiride
1010 3218 1102 3301 agri,
1126 3220 1289 3300 tamquam
1312 3217 1393 3283 illud
1411 3243 1441 3283 aa

242 3323 418 3399 insinuans,
443 3341 516 3387 cum
540 3322 647 3387 faetus
671 3326 722 3387 est
744 3323 823 3399 dieo,
848 3328 926 3389 tunc
948 3324 1066 3391 fecisse
1091 3324 1185 3389 deum
1214 3326 1338 3389 eaelum
1362 3327 1395 3389 et

243 3432 361 3491 terram
385 3430 418 3491 at
442 3446 534 3499 omne
557 3427 660 3491 uiride
685 3428 761 3511 agri.

334 3566 365 3620 ll
387 3566 420 3621 cf.
439 3566 483 3620 Ρε.
503 3566 563 3629 146,
583 3568 600 3620 6
654 3567 689 3620 23
708 3565 775 3621 Gen.
796 3568 821 3629 2,
841 3569 867 3623 4.
888 3568 904 3621 5

283 3676 500 3727 iammonemur
517 3674 572 3729 PR
676 3673 703 3726 in
723 3690 773 3727 om.
793 3673 882 3729 Rde
971 3675 1136 3729 2sotietate
1156 3674 1205 3729 SR
1295 3675 1394 3739 3hinc

245 3761 490 3833 (naap.m.1)S
532 3763 735 3833 dinuestigare
755 3764 780 3829 b,
800 3764 839 3831 (in
860 3762 925 3817 aaa.
944 3781 979 3819 m.
1001 3766 1026 3831 1)
1048 3766 1075 3819 R
1122 3764 1289 3835 5possitS
1330 3766 1392 3817 7in

243 3850 366 3904 terraSb
437 3848 569 3920 quidquid
581 3850 660 3904 E¹R¹
714 3850 939 3905 8consuebitE¹
994 3850 1118 3906 ecelis
1187 3852 1327 3922 sepissime
1345 3852 1394 3907 SR

244 3938 367 3993 additum
383 3938 422 3991 P¹
492 3938 574 3991 maris
594 3941 620 4006 (a
639 3955 672 3993 aa
690 3956 706 3991 o
724 3956 758 3994 ra.
780 3940 806 4005 1)
826 3939 854 3993 11
919 3940 951 3993 10
971 3945 1093 3993 creatura
1111 3938 1150 3994 E¹
1206 3941 1236 3994 ll
1259 3942 1339 4012 quae]
1361 3958 1393 3995 ea

245 4044 313 4097 quae
328 4025 352 4080 S
440 4025 569 4097 quicquid
582 4024 688 4081 E⁹R²S
759 4028 791 4081 12
806 4028 907 4098 primun
922 4030 952 4098 (a.
968 4028 985 4082 1.
1003 4046 1036 4081 lu.
1052 4030 1068 4081 2
1084 4028 1148 4082 add.
1169 4028 1197 4082 al
1215 4028 1350 4101 primitus)
1365 4030 1397 4084 E

246 4116 279 4169 13
298 4114 363 4168 fecit
380 4115 427 4168 Pd
447 4118 472 4181 (e
490 4131 524 4169 ex
542 4132 558 4167 a
576 4132 609 4167 na
630 4115 656 4181 1)
675 4116 703 4170 R
777 4118 811 4169 14
833 4116 963 4186 loquutus
982 4116 1035 4171 PR
1108 4117 1140 4169 16
1164 4121 1308 4173 narrantur
1329 4119 1393 4171 ista.

244 4202 302 4256 Nec
320 4204 412 4270 eqeb
468 4203 500 4257 17
519 4208 602 4272 terra}
620 4209 720 4257 terram
738 4206 769 4259 E
840 4208 1035 4259 cum-terram
1055 4222 1105 4259 om.
1120 4204 1172 4259 ES
1226 4207 1259 4259 19
1278 4207 1345 4261 caeli
1362 4209 1393 4281 et

244 4295 332 4345 terrae
347 4292 430 4345 onad
503 4310 563 4346 curn
582 4293 671 4349 om.S
723 4294 759 4348 20
776 4311 827 4348 nec
846 4296 981 4363 ita—agri
1001 4311 1052 4349 om.
1072 4292 1188 4349 PRde
1243 4294 1277 4348 22
1296 4296 1392 4365 loquu-

244 4380 327 4433 tionis
346 4380 401 4434 PR
475 4382 571 4435 modus
591 4382 614 4436 S
630 4382 711 4436 modo
730 4383 768 4436 P¹
