3159 4950
436 449 478 504 de
506 449 650 504 Genesi
678 451 722 504 ad
749 451 932 506 litteram
961 453 1027 507 lib.
1058 453 1122 508 llll.
1292 457 1355 521 123

207 645 289 712 enim
308 646 391 711 lucis
409 645 509 724 illius,
524 665 604 728 quae
624 647 654 711 in
675 647 771 711 uerbo
791 647 842 712 dci
862 648 1065 732 conspicitur,
1082 651 1184 716 omnis
1204 651 1355 734 cognitio,

208 771 268 834 qua
295 756 470 818 creaturam
499 755 677 834 quamlibet
703 755 735 817 in
764 773 799 819 se
827 755 897 838 ipsa
924 755 1084 832 nouimus,
1117 775 1179 822 non
1208 757 1354 822 inmerito

206 878 266 924 nor
299 859 362 924 dici
394 861 501 943 potest
516 882 524 923 ε
539 879 620 942 quae
652 878 779 925 rursum
812 863 937 926 tautum
971 862 1075 928 differt
1103 863 1142 928 ab
1171 883 1273 928 errore
1302 863 1355 928 uel

207 966 385 1049 ignorantia
407 985 527 1044 eorum,
553 967 606 1049 qui
630 985 688 1030 nec
710 966 815 1049 ipsam
840 971 1014 1032 creaturam
1039 969 1154 1046 sciunt,
1179 973 1217 1034 ut
1234 969 1266 1033 in
1286 969 1355 1034 eius

176 1072 428 1155 aconparatione
465 1091 527 1137 non
563 1073 736 1156 incongrue
773 1073 898 1138 dicatur
938 1075 1016 1140 dies.
1059 1075 1144 1140 sicut
1180 1075 1251 1157 ipsa
1288 1076 1357 1140 uita

207 1177 360 1255 fidelium,
383 1195 463 1260 quae
486 1179 518 1242 in
542 1179 603 1243 hac
626 1197 718 1243 came
741 1181 837 1261 atque
860 1179 892 1244 in
917 1180 977 1246 hoc
1005 1182 1133 1246 saeculo
1162 1181 1298 1258 ducitur,
1322 1183 1355 1246 in

208 1285 429 1368 conparatione
456 1285 543 1349 uitae
570 1284 709 1350 infidelis
738 1290 833 1368 atque
848 1288 965 1369 inpiae
998 1306 1059 1352 non
1091 1288 1357 1354 inrationabiliter

207 1391 260 1455 lar
287 1394 321 1456 et
348 1390 416 1455 dies
444 1393 622 1473 appellatur
650 1392 775 1458 dicente
804 1395 965 1477 apostolo:
997 1395 1131 1459 fuistis
1165 1395 1262 1459 enim
1291 1395 1355 1459 ali·

208 1498 355 1579 quando
383 1499 577 1575 tenebrae,
600 1516 700 1564 nuno
723 1503 849 1564 autem
873 1502 935 1566 lux
958 1501 994 1564 in
1020 1500 1180 1580 domiuo,
1205 1505 1238 1566 et
1259 1500 1354 1566 illud:

164 1629 190 1668 ro
208 1604 415 1668 abiciamus
444 1624 534 1688 ergo
558 1625 670 1687 opera
696 1607 936 1672 tenebrarum
965 1611 1001 1671 et
1028 1606 1227 1672 induamur
1255 1627 1356 1672 arma

207 1711 318 1788 lacis,
343 1712 398 1776 sic
421 1713 521 1776 utin
546 1711 605 1776 die
628 1713 787 1778 honeste
811 1713 1064 1778 ambulemus:
1090 1714 1144 1797 qui
1162 1717 1268 1778 tamen
1289 1713 1355 1778 dies

208 1818 269 1882 nisi
295 1837 405 1883 rursus
433 1818 465 1882 in
494 1819 715 1902 conparatione
743 1820 832 1885 illius
861 1820 934 1898 diei,
964 1839 1026 1902 quo
1057 1821 1204 1903 aequales
1234 1819 1356 1903 angelis

207 1924 282 1990 iacti
306 1926 487 1991 uidebimus
511 1926 616 2004 deum,
640 1927 737 1992 sicuti
760 1931 819 2004 est,
843 1929 912 2010 ipse
937 1947 1062 2010 quoque
1091 1947 1150 1992 nox
1175 1931 1269 2004 esset,
1294 1945 1355 1991 non

208 2032 259 2098 hic
290 2033 475 2116 prophetiae
507 2036 635 2100 lucerna
671 2035 897 2120 indigeremus.
927 2035 1011 2098 unde
1044 2035 1209 2117 apostolus
1241 2034 1356 2098 Petrus

162 2163 189 2202 ra
209 2137 300 2202 dicit:
324 2139 505 2204 habemus
530 2141 729 2206 certiorem
757 2141 1021 2225 propheticum
1051 2159 1269 2216 sermonem,
1296 2139 1356 2202 cui

208 2245 300 2310 bene
337 2245 470 2311 facitis
502 2246 746 2314 intendentes
784 2249 889 2314 siout
924 2247 1102 2312 lucernae
1139 2245 1287 2310 lucenti
1320 2245 1355 2309 in

209 2352 370 2416 obscuro
394 2353 488 2430 loco,
513 2353 631 2418 donec
656 2354 736 2418 dies
768 2356 950 2433 lucescat,
976 2358 1014 2420 et
1044 2355 1184 2419 lucifer
1212 2354 1358 2418 oriatur

208 2459 249 2522 in·
269 2458 448 2525 cordibus
472 2460 625 2525 uostris.

254 2566 306 2630 24.
323 2564 531 2649 Quapropter,
543 2585 615 2631 cum
629 2568 731 2633 sancti
746 2569 862 2653 angeli,
879 2568 994 2651 quibus
1008 2570 1082 2651 post
1095 2566 1356 2631 resurrectionem

164 2700 190 2737 eo
209 2672 463 2754 coaequabimur,
488 2673 624 2737 siniam
648 2674 799 2755 -quod
827 2674 919 2739 nobis
944 2674 1089 2739 Christus
1112 2674 1217 2738 factus
1241 2676 1290 2739 est
1313 2708 1357 2721 -

209 2796 310 2859 usque
327 2778 360 2843 in
379 2778 473 2843 finem
492 2780 699 2858 tenuerimus,
716 2798 841 2861 semper
855 2780 986 2845 uideant
1001 2782 1114 2845 facicm
1129 2780 1179 2845 dei
1195 2781 1356 2861 uerboque

209 2884 278 2948 eius
306 2885 469 2969 unigenito
497 2886 574 2962 olio,
604 2886 689 2949 sicut
715 2886 798 2968 patri
827 2887 968 2969 aequalis
998 2894 1056 2961 est,
1084 2886 1294 2970 perfruantur,
1323 2885 1355 2949 in

209 2989 325 3072 quibus
347 2992 449 3075 prima
471 2990 615 3055 omnium
637 2995 742 3056 creata
765 2995 816 3057 est
839 2993 1005 3074 sapientia,
1033 2993 1145 3073 procul
1168 2990 1264 3055 dubio
1288 2992 1357 3055 uni-

209 3115 334 3162 uersam
362 3101 549 3174 creaturam,
578 3098 609 3162 in
637 3116 701 3180 qua
727 3098 789 3180 ipsi
818 3102 893 3163 sunt
920 3098 1136 3182 principaliter
1164 3097 1293 3173 conditi,
1324 3098 1355 3162 in

163 3232 190 3271 aa
208 3203 278 3285 ipso
306 3205 404 3269 uerbo
433 3205 484 3269 dei
510 3206 599 3289 prius
627 3211 795 3283 nonerunt,
824 3206 855 3269 in
885 3224 947 3288 quo
976 3209 1051 3271 suut
1079 3205 1232 3284 omnium,
1261 3204 1356 3269 etiam

297 3448 505 3517 8Ephes5,8
570 3449 603 3501 10
622 3448 698 3501 Rom.
721 3448 761 3504 13.
782 3448 824 3501 12.
845 3448 878 3500 13
939 3446 1209 3509 1511Petr.1‚19
1266 3448 1299 3499 19
1320 3446 1353 3500 ct.

209 3534 427 3594 matronam

248 3660 311 3727 lq:
331 3658 370 3712 12¹
461 3657 661 3712 2rrcaturaS
749 3658 878 3711 3rursus
898 3656 1012 3711 Prisco
1122 3660 1228 3711 tantum
1248 3674 1299 3711 om.
1318 3657 1356 3711 Ε1

210 3749 228 3801 4
247 3750 397 3801 creaturam
415 3747 503 3817 ipsam
522 3748 538 3800 b
612 3748 627 3799 7
646 3746 838 3817 conparatione
856 3746 895 3800 Ει
979 3746 1062 3816 impie
1082 3744 1105 3799 S
1208 3746 1358 3799 inrationa-

209 3834 303 3889 biliter
319 3836 358 3889 E¹
430 3836 448 3889 8
467 3836 538 3888 enim
557 3852 608 3889 orn.
627 3834 666 3889 E¹
736 3835 769 3889 10
787 3852 852 3905 ergo
871 3850 922 3891 om.
941 3834 1096 3889 E¹PRde
1203 3833 1356 3903 induamur}

210 3924 357 3978 induamus
374 3924 549 3979 nosPRde
603 3926 636 3978 12
655 3924 915 3994 conparationemE
984 3922 1178 3994 coaequalesS
1231 3924 1264 3975 13
1283 3922 1359 3977 uide·

210 4014 300 4067 aimus
317 4012 358 4069 2¹
418 4015 478 4084 ipse
496 4013 520 4069 S
589 4030 641 4068 nor
658 4030 678 4067 a.
701 4014 719 4068 l.
737 4031 772 4068 m.
793 4015 805 4065 l
826 4013 854 4069 R
910 4016 943 4067 14
961 4011 1139 4067 lucernamS
1208 4026 1268 4066 cam
1287 4011 1358 4067 unde

210 4103 264 4159 iac.
284 4119 344 4171 cop.
365 4102 441 4157 XXII
460 4102 490 4157 E
561 4102 761 4157 rehabeamus
779 4101 812 4158 8¹
903 4102 1073 4171 prophetiam
1092 4100 1132 4155 11ι
1205 4102 1238 4154 16
1256 4100 1359 4155 lucenti

210 4208 262 4245 om.
280 4192 362 4248 EPR
453 4192 488 4247 20
506 4192 699 4261 coequabimur
718 4190 742 4245 S
758 4206 811 4261 quo
831 4191 992 4261 equabimur
1009 4190 1037 4245 R
1127 4189 1210 4260 quod]
1232 4207 1312 4259 quam
1331 4192 1361 4245 Ε

210 4280 301 4349 nobis]
318 4282 444 4335 nouimus
462 4280 502 4335 E¹
562 4280 593 4333 21
616 4294 722 4350 semper
739 4283 771 4345 ut
791 4282 832 4347 (ut
851 4296 911 4349 cap.
932 4296 965 4333 m,
985 4280 1012 4345 2)
1032 4279 1062 4333 Ε
1118 4278 1153 4331 22
1172 4280 1230 4332 eius
1248 4296 1300 4333 om.
1320 4278 1359 4333 El

211 4370 247 4423 24
264 4370 456 4440 principaleter
474 4369 501 4422 P
829 4356 833 4363 ’
