3159 4950
458 464 501 519 de
529 464 673 520 Genesi
701 462 744 517 ad
771 464 954 518 litteram
981 462 1046 517 lib.
1074 461 1150 516 VIII.
1306 464 1368 537 231

226 663 297 755 lunt
327 662 373 725 ita
403 660 539 726 factum.
558 658 693 737 eredere,
722 657 989 743 quemadmodum
1023 676 1107 723 nune
1134 657 1246 723 uident
1273 658 1373 723 siluas

227 768 322 832 deri?

269 874 321 940 Ad
353 892 408 940 eos
441 873 558 956 quippe
584 874 707 955 loquor,
733 874 787 956 qui
815 871 1037 937 auctoritatem
1060 872 1172 937 harum
1196 871 1373 937 litterarum

227 983 420 1063 sequuntur3
454 999 564 1045 eorum
596 980 680 1045 enim
712 978 842 1061 quidam
873 998 935 1045 uon
971 978 1107 1062 proprie,
1146 978 1202 1043 sed
1239 978 1373 1061 figurate

196 1112 210 1150 s
229 1088 411 1170 paradisum
442 1087 586 1171 intellegi
617 1089 741 1152 uolunt.
765 1105 839 1150 nam
862 1086 917 1168 qui
941 1084 1067 1151 omuino
1091 1086 1299 1151 aduersantur
1320 1083 1372 1149 his

228 1194 354 1273 litteris,
373 1194 452 1259 alias
476 1213 549 1260 eum
573 1194 620 1259 eis
644 1202 738 1275 atque
762 1194 855 1257 aliter
877 1193 1013 1277 egimus,
1033 1210 1224 1275 quamquam
1244 1196 1276 1258 et
1293 1192 1373 1257 haee

199 1297 203 1303 ’
228 1299 259 1363 in
290 1300 351 1366 hoo
382 1300 453 1383 ipso
477 1320 571 1383 opere
593 1303 713 1377 nostro,
737 1302 891 1382 quantum
914 1300 1071 1377 ualemus,
1094 1299 1141 1365 ite
1164 1298 1369 1365 defendamus

229 1408 269 1471 ad
297 1409 450 1486 litteram,
473 1410 521 1485 ut,
545 1408 601 1489 qui
631 1426 694 1471 non
716 1407 947 1472 rationabiliter
973 1407 1054 1473 moti
1075 1410 1204 1489 propter
1227 1407 1368 1471 animum

228 1515 425 1596 pemioaoem
449 1514 503 1578 uel
525 1514 673 1578 hebetem
692 1512 817 1577 eredere
835 1512 899 1576 ista
917 1512 1104 1589 detrectant,
1123 1513 1245 1577 nullam
1267 1515 1373 1578 tamen

184 1647 210 1684 10
229 1621 393 1685 inueniant
423 1622 588 1696 rationem,
613 1620 696 1685 unde
727 1620 811 1684 falsa
843 1638 912 1685 esse
946 1620 1144 1685 oonuineant.
1178 1638 1291 1685 uerum
1317 1620 1375 1685 isti

229 1729 338 1806 nostri,
363 1728 418 1810 qui
440 1727 536 1792 fidem
554 1727 674 1792 habent
690 1727 741 1791 his
760 1726 879 1791 diuinis
897 1726 988 1791 libris
1008 1730 1040 1791 et
1057 1728 1171 1792 nolunt
1187 1727 1369 1811 paradisum

229 1834 270 1897 ad
283 1835 507 1917 proprietatem
525 1834 650 1898 litterae
663 1832 819 1917 intellegi,
834 1834 941 1897 looum
958 1832 1082 1898 scilieet
1100 1834 1373 1912 amoenissimum,

227 1939 400 2005 fructuosis
424 1940 607 2004 nemoribus
631 1941 799 2021 opacatum
818 1936 1015 2021 eundemque
1034 1959 1185 2025 magnum
1205 1943 1237 2005 o't
1255 1959 1371 2024 magno

227 2045 315 2110 fonte
336 2045 519 2123 fecundum,
539 2064 613 2110 oum
635 2045 765 2110 uideant
787 2046 876 2109 nulla
894 2046 1032 2109 humana
1050 2065 1145 2129 opera
1162 2050 1212 2114 tot
1230 2066 1266 2111 ao
1284 2050 1373 2111 lanta

183 2180 209 2217 ιε
229 2152 352 2217 uiroota
383 2153 554 2217 silueseere
587 2153 712 2217 ooeulto
745 2170 837 2235 opere
871 2152 930 2229 dei,
964 2153 1070 2231 miror,
1103 2153 1371 2236 quemadmodum

229 2258 358 2323 erodant
379 2259 486 2341 ipsum
508 2258 671 2325 hominem
693 2259 739 2322 ita
756 2259 887 2335 factum,
908 2257 1176 2341 quemadmodum
1199 2278 1373 2342 numquam

229 2364 387 2431 uiderunt.
412 2367 468 2429 aut
490 2365 519 2429 si
541 2368 574 2429 et
596 2364 664 2446 ipse
683 2364 818 2449 figurate
837 2364 1072 2447 intellegendus
1092 2370 1151 2443 est,
1172 2366 1243 2448 quis
1263 2367 1375 2449 genuit

229 2471 307 2537 Cain
331 2476 364 2537 et
385 2474 467 2538 Abel
489 2475 522 2537 et
550 2471 653 2538 Seth?
687 2493 726 2537 an
754 2476 787 2537 et
813 2472 876 2555 ipsi
908 2470 1042 2556 figurate
1074 2474 1200 2537 tantum
1232 2472 1373 2552 fuerunt,

229 2597 291 2644 non
314 2579 410 2644 etiam
433 2579 579 2644 homines
603 2598 639 2643 on
661 2579 845 2644 hominibus
869 2579 961 2643 nati?
994 2579 1032 2642 de
1055 2579 1196 2662 proximo
1221 2599 1295 2664 ergo
1320 2580 1375 2644 ad-

184 2713 211 2750 so
230 2686 362 2750 tendant
373 2686 470 2750 istam
488 2686 755 2769 praesumtionem
775 2704 838 2769 quo
856 2685 968 2749 tendat
986 2688 1019 2749 et
1038 2686 1190 2751 conentur
1208 2687 1374 2752 nobiseum

230 2795 344 2858 ouneta
374 2793 533 2876 primitus,
557 2811 638 2875 quae
670 2795 763 2882 gesta
789 2797 962 2872 narrantur,
986 2793 1018 2858 in
1047 2793 1281 2875 expressionem
1304 2813 1374 2876 pro·

228 2899 373 2982 prietatis
397 2899 548 2983 aeoipere.
573 2898 646 2982 quis
670 2900 753 2965 enim
776 2900 823 2964 eis
846 2904 959 2983 postea
982 2919 1043 2966 non
1061 2900 1171 2966 faueat
1187 2901 1374 2984 intellegen-

228 3004 327 3084 tibus,
351 3007 429 3088 quid
449 3007 514 3072 ista
532 3007 628 3070 etiam
647 3007 784 3091 figurata
802 3007 1035 3091 significatione
1054 3009 1285 3085 commoneant,
1306 3007 1374 3071 siue

228 3111 370 3195 ipsarum
404 3113 597 3196 spiritalium
629 3117 813 3178 naturarum
846 3115 902 3178 uel
933 3113 1148 3180 adieetionum
1179 3114 1248 3179 siue
1270 3131 1375 3178 rorum

318 3305 335 3357 6
355 3302 388 3357 de
407 3303 507 3358 Genesi
526 3307 622 3358 eontra
638 3304 813 3358 Manichaeos
832 3305 879 3359 lib.
899 3304 928 3358 II

267 3409 536 3480 lquemammodum
553 3410 585 3464 E
635 3411 836 3468 3auotoritate
855 3409 882 3462 P
940 3412 1127 3480 deequnntur
1145 3412 1204 3482 (alt.
1224 3427 1242 3464 u
1260 3427 1281 3466 s.
1302 3411 1319 3464 l.
1338 3428 1377 3463 m.

230 3501 256 3566 1)
274 3499 305 3553 Ε
320 3499 484 3553 secunturS
552 3500 676 3569 propriae
688 3498 742 3555 RS
793 3501 971 3568 figurataeE
987 3499 1143 3571 figurath
1199 3501 1373 3570 lquemtum

230 3585 309 3653 (suo.
329 3586 481 3656 quamtum)
500 3587 528 3640 P
598 3587 773 3642 thebastem
793 3588 821 3642 Il
907 3587 1094 3642 detractantb
1168 3589 1201 3642 10
1219 3588 1316 3642 falsam
1336 3587 1374 3642 Sb

232 3674 265 3728 12
279 3674 406 3743 intellegi
420 3675 503 3728 emb
575 3676 778 3730 amenissimum
790 3676 847 3730 Eo
894 3677 927 3730 13
940 3676 1141 3748 solidamqueP
1192 3693 1321 3747 magnum
1335 3675 1375 3731 R²

231 3762 391 3817 larensem
414 3763 442 3816 P
547 3763 703 3834 iocundum]
731 3765 881 3820 secundum
902 3765 931 3820 P
955 3765 1099 3838 fecundum
1122 3765 1150 3820 R
1178 3763 1307 3820 fecundat
1329 3764 1378 3820 SG

230 3853 323 3922 opera]
348 3854 505 3921 operatione
525 3853 574 3908 SC
662 3871 693 3908 ao
715 3871 768 3910 om.
786 3854 827 3909 E²
919 3857 952 3909 15
975 3855 1065 3918 uiteta
1088 3854 1125 3908 od
1214 3854 1375 3908 siluestreb

230 3941 465 4010 quemammodum
484 3943 515 3998 E
577 3943 610 3996 ld
629 3942 876 3998 ereduntRSObd
942 3945 975 3998 17
994 3942 1153 4014 figurath
1223 3943 1283 4013 quis
1303 3945 1326 4014 (ι
1344 3943 1376 3998 iu

229 4047 279 4100 my.
301 4030 366 4085 add.
385 4048 419 4084 m.
441 4034 468 4098 1)
486 4031 515 4085 Ρ
609 4032 644 4086 18
662 4032 740 4102 Seth]
765 4031 859 4087 sedR
952 4035 997 4102 an]
1016 4031 1106 4086 Autb
1197 4031 1378 4104 figurataeE

229 4120 393 4190 figuratae*-
411 4126 454 4181 (ae
473 4120 554 4191 eras)
572 4121 600 4176 R
618 4121 722 4190 figurae
747 4123 773 4188 (e
796 4120 879 4180 ClSU
968 4123 1001 4176 19
1025 4121 1176 4176 adtendant
1194 4120 1258 4177 E¹S
1279 4121 1375 4176 adten-

231 4208 280 4264 dat
296 4209 325 4263 P
340 4208 486 4263 attendant
506 4213 534 4276 (n
548 4209 602 4279 fia.
621 4221 643 4263 ε’.
664 4210 682 4264 1.
700 4227 735 4264 m.
755 4213 782 4278 1)
801 4209 830 4266 11
916 4211 951 4264 20
969 4210 1216 4280 praesumptionem
1235 4209 1376 4266 Paeona

229 4297 345 4352 tendant
368 4297 392 4352 0
442 4299 475 4352 21
496 4299 667 4368 expressione
684 4298 731 4352 Et
750 4299 963 4369 expraessionem
983 4299 1011 4353 P
1058 4298 1094 4352 24
1111 4301 1268 4354 naturarum
1289 4303 1374 4368 (pau

229 4403 251 4439 a.
272 4385 290 4439 l.
309 4403 342 4439 m.
366 4387 392 4453 1)
411 4385 465 4441 R·
512 4386 685 4442 affeedonum
703 4387 735 4440 E
805 4387 873 4458 siue]
893 4387 970 4442 ueS
