3159 4950
429 448 470 502 de
500 449 643 503 Genesi
670 449 713 502 ad
741 450 922 503 litteram
950 448 1015 502 lib.
1035 449 1101 503 IIII.
1282 453 1340 515 111

199 652 231 710 et
262 649 422 711 creaturae
454 647 610 728 praebens
643 665 815 730 congruam
849 645 1111 729 gubernationem
1140 647 1172 708 et
1199 644 1284 728 apud
1312 663 1345 708 sa

198 753 316 818 habens
340 755 500 817 aeternam
523 753 797 834 tranquillitatem.

242 862 294 924 14.
314 859 458 941 Denique
477 860 546 942 ipse
565 879 633 936 nen,
653 879 727 924 oum
751 859 882 935 creauit,
912 859 1057 923 defessus
1086 877 1153 936 neo,
1182 877 1254 922 oum
1279 877 1346 922 oes-

198 967 292 1043 sanit‚
315 965 455 1030 refectus
488 976 548 1042 est,
581 967 638 1032 sed
670 985 729 1031 nos
761 966 868 1030 noluit
899 967 1169 1049 perscripturum
1193 985 1284 1029 sunm
1308 966 1348 1028 ad

167 1073 315 1155 nquietis
347 1074 505 1138 exhortari
537 1074 731 1139 desiderium
763 1073 939 1138 intimando
973 1074 1065 1137 nobis
1099 1091 1171 1136 eum
1200 1072 1284 1136 diem
1312 1092 1346 1137 se

197 1179 426 1256 sanctificasse,
449 1181 481 1243 in
507 1201 569 1264 quo
594 1181 718 1264 quieuit
740 1180 779 1244 ab
808 1180 956 1245 omnibus
985 1178 1134 1262 operibus
1163 1179 1239 1244 suis.
1272 1199 1344 1242 nam

197 1305 354 1369 nusquam
391 1286 534 1352 omnium
568 1306 621 1351 ser
654 1287 791 1361 dierum,
826 1287 941 1369 quibus
975 1288 1080 1350 ereata
1116 1290 1192 1350 sunt
1229 1286 1344 1361 omnia,

195 1395 315 1478 legitur
347 1395 468 1477 aliquid
502 1394 733 1460 sanctificasse.
769 1412 827 1458 neo
860 1398 933 1460 ante
966 1395 1054 1476 ipsos
1088 1413 1142 1458 sex
1175 1393 1256 1468 dies,
1289 1393 1345 1456 nbi

197 1501 352 1584 seriptum
377 1505 444 1566 est:
469 1501 504 1564 in
528 1500 717 1584 principio
741 1500 836 1564 feeit
859 1501 949 1564 deus
975 1503 1120 1565 eaelum
1140 1503 1177 1564 et
1195 1503 1343 1576 terram,

153 1643 179 1679 ,ο
196 1607 340 1672 additum
359 1612 428 1672 est:
448 1611 481 1671 et
500 1607 722 1684 sanetifioauit
743 1606 800 1671 sed
820 1607 904 1672 diem
924 1608 1034 1682 istum,
1054 1607 1085 1669 in
1107 1626 1168 1689 quo
1187 1606 1347 1688 requieuit

197 1713 236 1777 ab
260 1714 408 1779 omnibus
433 1714 581 1796 operibus
604 1713 683 1790 suis,
708 1731 789 1794 qnae
810 1713 895 1790 lenit,
915 1713 1021 1778 uoluit
1040 1713 1247 1786 sanctificare,
1265 1715 1344 1776 tam-

197 1840 292 1903 quam
321 1823 354 1884 et
381 1821 465 1902 apud
493 1820 611 1903 ipsum,
641 1819 695 1902 qui
723 1819 804 1883 nihil
830 1819 863 1883 in
893 1838 986 1900 opere
1019 1837 1078 1882 suo
1110 1821 1244 1896 laborat,
1272 1820 1344 1901 plus

197 1927 286 2008 quies
310 1945 406 2008 qnam
430 1925 571 2008 operatio
599 1927 716 1990 ualeat.
754 1925 815 1988 hoe
839 1923 966 2007 quidem
989 1925 1021 1988 in
1045 1923 1227 1988 hominibus
1251 1943 1344 1988 euan-

197 2033 318 2117 gelium
351 2031 443 2096 nobis
474 2030 612 2105 intimat,
640 2030 697 2094 ubi
725 2030 866 2094 saluatur
898 2034 1006 2094 noster
1032 2030 1197 2094 meliorem
1222 2031 1345 2111 partem

152 2171 179 2209 a
197 2139 275 2203 dicit
292 2138 423 2213 Mariae,
443 2137 529 2220 quod
552 2137 667 2201 sedens
691 2137 731 2202 ad
749 2137 847 2220 pedes
867 2137 936 2201 eius
958 2135 1179 2218 requiescebat
1195 2135 1228 2199 in
1247 2137 1344 2201 uerbo

197 2245 276 2315 eius,
297 2264 392 2327 qnam
411 2244 557 2309 Marthae
582 2245 729 2326 quamuis
752 2248 882 2328 propter
904 2244 1104 2325 obsequium,
1124 2262 1186 2326 quo
1206 2243 1235 2307 ei
1253 2243 1345 2306 mini-

197 2353 328 2429 strabat,
354 2352 438 2416 eirea
460 2352 564 2414 multa
588 2353 760 2432 occupatae
784 2355 818 2414 et
841 2351 918 2414 lieet
935 2350 1054 2414 bonum
1075 2369 1155 2432 opus
1174 2350 1344 2432 operantis.

195 2479 309 2524 nerum
331 2459 392 2523 hoo
415 2459 448 2522 in
473 2457 531 2522 deo
556 2459 714 2540 quomodo
738 2457 853 2522 situel
871 2456 1087 2539 intellegatur,
1108 2456 1237 2521 difficile
1256 2455 1344 2521 diotu

196 2569 256 2643 est,
285 2564 413 2630 etiamsi
441 2564 586 2647 cogitatu
619 2564 852 2646 aliquantulum
883 2564 1003 2647 adtingi
1035 2564 1153 2645 potest,
1182 2580 1238 2626 our
1265 2562 1343 2627 deus

149 2702 178 2741 zo
197 2672 446 2737 sanetifioauerit
477 2671 561 2735 diem
594 2670 712 2752 quietis
745 2689 833 2748 suae,
863 2670 918 2753 qui
945 2670 1070 2733 nullum
1099 2668 1346 2733 sanetifieauerit

196 2778 303 2860 operis
327 2777 387 2854 sui,
410 2796 469 2840 noo
491 2776 598 2858 ipsum
618 2778 752 2852 sextum,
772 2794 835 2857 quo
855 2778 888 2839 et
905 2775 1066 2839 hominem
1084 2774 1163 2839 feeit
1181 2777 1213 2839 et
1231 2778 1345 2839 ennete

194 2884 339 2966 persenit.
379 2902 415 2947 ao
443 2881 579 2966 primum
606 2881 713 2964 ipsum
741 2881 939 2963 requiescere
968 2881 1018 2945 dei
1046 2882 1139 2963 quale
1168 2882 1219 2958 sit,
1253 2882 1344 2945 ouius

194 2990 352 3054 hnmanae
375 2989 492 3053 mentis
517 2988 601 3053 acies
625 2988 758 3071 adsequi
779 2990 912 3070 potest?
937 2986 1021 3070 quod
1044 2990 1150 3052 tamen
1168 2988 1230 3052 nisi
1249 2992 1344 3061 esset,

194 3097 256 3161 hoo
289 3096 417 3160 omnino
450 3096 515 3159 ista
547 3096 705 3178 scriptura
735 3113 798 3159 non
831 3098 971 3175 poneret.
1015 3094 1117 3159 dicam
1146 3113 1230 3170 sane,
1260 3095 1344 3176 quod

146 3237 176 3276 25
195 3202 309 3278 sentio,
329 3202 409 3265 been
432 3201 495 3267 duo
519 3201 700 3265 indubitata
721 3201 934 3283 praeloquens
958 3219 1016 3264 neo
1040 3200 1133 3264 deum
1157 3201 1249 3264 uelut
1271 3204 1345 3284 post

193 3309 337 3374 laborem
369 3308 626 3373 desiderabamus
658 3308 780 3391 negotii
813 3307 864 3371 sui
891 3306 985 3370 finem
1012 3306 1181 3387 temporali
1208 3306 1342 3389 quadam

284 3572 301 3624 9
320 3570 387 3625 Gen.
409 3571 433 3634 1,
454 3569 467 3623 1
526 3569 559 3623 15
579 3568 612 3623 ef.
631 3568 696 3622 Luo.
716 3568 758 3633 10,
777 3568 884 3622 39-42

232 3745 492 3815 lgunernationem
510 3744 550 3798 E¹
622 3747 688 3813 apnt
706 3742 800 3797 E'PR
891 3744 987 3811 3eap.
1006 3743 1059 3796 Xll
1078 3742 1108 3795 E
1177 3741 1285 3797 defssus
1303 3744 1343 3799 R¹

194 3834 347 3889 berortari
365 3834 444 3888 ΕΒΗ
507 3832 670 3886 domnibns
687 3848 739 3885 om.
758 3832 798 3885 E¹
856 3831 1004 3901 8ubi1nb
1024 3831 1062 3884 1²¹
1123 3831 1154 3885 11
1176 3832 1343 3886 sanctificare

193 3922 318 3977 noluitb
412 3922 444 3975 12
468 3924 536 3991 aput
552 3922 609 3975 ΕΡ
698 3921 731 3974 13
753 3920 920 3992 hominibus]
944 3919 1079 3991 omllnibus
1098 3920 1128 3974 E
1144 3920 1297 3975 *ommibus
1315 3921 1343 3976 R

195 4012 230 4065 16
247 4009 408 4075 martaeP¹
463 4012 496 4066 17
516 4008 690 4080 occupatas
759 4012 903 4079 operantes
918 4008 942 4063 S
957 4010 1077 4079 operatis
1090 4008 1129 4063 Ρι
1185 4008 1217 4062 18
1236 4011 1341 4079 uerum]

193 4099 349 4154 uerbumS
419 4100 521 4153 diotnm
540 4099 609 4154 E¹P
625 4099 714 4153 dictu·
729 4102 765 4162 (m
785 4100 833 4163 er.)
853 4098 881 4153 R
946 4100 979 4153 19
999 4098 1109 4169 quan
1169 4096 1342 4152 2088110111-

194 4187 339 4243 oaneratb
402 4188 435 4242 21
457 4190 486 4241 et
503 4191 601 4241 cuncta
618 4188 733 4258 perfecit
750 4204 801 4243 om.
821 4188 875 4241 PR
937 4188 971 4242 23
992 4186 1105 4257 adsequi
1122 4185 1162 4241 E¹
1225 4186 1261 4240 24
1278 4187 1343 4255 ista]

193 4280 223 4332 in
241 4278 296 4331 ista
314 4276 444 4347 Sipsab
517 4276 640 4331 sapaelt
694 4277 729 4330 25
748 4276 827 4329 biob
900 4276 977 4329 uelut
996 4274 1128 4331 omium
1183 4274 1218 4328 26
1237 4273 1342 4328 deside·

192 4370 320 4421 ratumne
338 4365 378 4420 1⁴5¹
398 4364 634 4419 desideratnmnae
652 4364 680 4419 R
698 4363 883 4418 desideratum
903 4363 936 4417 de
956 4362 1178 4417 Sdesideratnm
1198 4364 1214 4416 b
