<?xml version="1.0" encoding="UTF-8"?>
<!DOCTYPE html PUBLIC "-//W3C//DTD XHTML 1.0 Transitional//EN"
    "http://www.w3.org/TR/xhtml1/DTD/xhtml1-transitional.dtd">
<html xmlns="http://www.w3.org/1999/xhtml" xml:lang="en" lang="en">
 <head>
  <title>
</title>
<meta http-equiv="Content-Type" content="text/html;charset=utf-8" />
  <meta name='ocr-system' content='tesseract 3.04.00' />
  <meta name='ocr-capabilities' content='ocr_page ocr_carea ocr_par ocr_line ocrx_word'/>
</head>
<body>
  <div class='ocr_page' id='page_1' title='image "./corpusscriptoru10wiengoog_0479.png"; bbox 0 0 3159 4950; ppageno 0'>
   <div class='ocr_carea' id='block_1_1' title="bbox 384 536 1373 609">
    <p class='ocr_par' dir='ltr' id='par_1_1' title="bbox 384 536 1373 609">
     <span class='ocr_line' id='line_1_1' title="bbox 384 536 1373 609; baseline 0.004 -19"><span class='ocrx_word' id='word_1_1' title='bbox 384 536 1214 609; x_wconf 85' lang='lat' dir='ltr'>operisdeGencsiadiitteramcapitula.</span> <span class='ocrx_word' id='word_1_2' title='bbox 1309 540 1373 605; x_wconf 86' lang='lat'>453</span> 
     </span>
    </p>
   </div>
   <div class='ocr_carea' id='block_1_2' title="bbox 201 736 1498 4096">
    <p class='ocr_par' dir='ltr' id='par_1_2' title="bbox 356 736 1375 988">
     <span class='ocr_line' id='line_1_2' title="bbox 356 736 1374 812; baseline 0 -17"><span class='ocrx_word' id='word_1_3' title='bbox 356 736 422 795; x_wconf 93' lang='lat' dir='ltr'>XVI</span> <span class='ocrx_word' id='word_1_4' title='bbox 446 737 547 796; x_wconf 80' lang='lat' dir='ltr'>Sextus</span> <span class='ocrx_word' id='word_1_5' title='bbox 580 736 691 805; x_wconf 88' lang='lat' dir='ltr'>modus,</span> <span class='ocrx_word' id='word_1_6' title='bbox 730 752 785 811; x_wconf 88' lang='lat' dir='ltr'>quo</span> <span class='ocrx_word' id='word_1_7' title='bbox 825 736 990 811; x_wconf 88' lang='lat' dir='ltr'>appellatur</span> <span class='ocrx_word' id='word_1_8' title='bbox 1024 736 1144 812; x_wconf 89' lang='lat' dir='ltr'>spiritus</span> <span class='ocrx_word' id='word_1_9' title='bbox 1180 736 1225 796; x_wconf 84' lang='lat' dir='ltr'>uls</span> <span class='ocrx_word' id='word_1_10' title='bbox 1261 737 1374 796; x_wconf 89' lang='lat' dir='ltr'>animae</span> 
     </span>
     <span class='ocr_line' id='line_1_3' title="bbox 445 819 1375 901; baseline 0 -17"><span class='ocrx_word' id='word_1_11' title='bbox 445 825 586 899; x_wconf 76' lang='lat' dir='ltr'>quaedam</span> <span class='ocrx_word' id='word_1_12' title='bbox 609 829 704 884; x_wconf 90' lang='lat' dir='ltr'>mente</span> <span class='ocrx_word' id='word_1_13' title='bbox 721 819 855 898; x_wconf 78' lang='lat' dir='ltr'>inferior,</span> <span class='ocrx_word' id='word_1_14' title='bbox 879 825 930 885; x_wconf 92' lang='lat' dir='ltr'>ubi</span> <span class='ocrx_word' id='word_1_15' title='bbox 949 826 1141 901; x_wconf 81' lang='lat' dir='ltr'>corporalium</span> <span class='ocrx_word' id='word_1_16' title='bbox 1159 843 1254 885; x_wconf 86' lang='lat' dir='ltr'>rerum</span> <span class='ocrx_word' id='word_1_17' title='bbox 1273 826 1375 885; x_wconf 90' lang='lat' dir='ltr'>simili-</span> 
     </span>
     <span class='ocr_line' id='line_1_4' title="bbox 444 914 791 988; baseline 0.009 -16"><span class='ocrx_word' id='word_1_18' title='bbox 444 914 561 973; x_wconf 90' lang='lat' dir='ltr'>tudines</span> <span class='ocrx_word' id='word_1_19' title='bbox 585 914 791 988; x_wconf 85' lang='lat' dir='ltr'>exprimuntur.</span> 
     </span>
    </p>

    <p class='ocr_par' dir='ltr' id='par_1_3' title="bbox 341 1003 1235 1078">
     <span class='ocr_line' id='line_1_5' title="bbox 341 1003 1235 1078; baseline 0.002 -15"><span class='ocrx_word' id='word_1_20' title='bbox 341 1004 422 1063; x_wconf 91' lang='lat' dir='ltr'>XVII</span> <span class='ocrx_word' id='word_1_21' title='bbox 443 1004 550 1063; x_wconf 86' lang='lat' dir='ltr'>Iterum</span> <span class='ocrx_word' id='word_1_22' title='bbox 577 1003 645 1078; x_wconf 90' lang='lat' dir='ltr'>quid</span> <span class='ocrx_word' id='word_1_23' title='bbox 669 1004 708 1063; x_wconf 90' lang='lat' dir='ltr'>sit</span> <span class='ocrx_word' id='word_1_24' title='bbox 730 1003 851 1077; x_wconf 80' lang='lat' dir='ltr'>spirltus</span> <span class='ocrx_word' id='word_1_25' title='bbox 872 1004 920 1063; x_wconf 88' lang='lat' dir='ltr'>uel</span> <span class='ocrx_word' id='word_1_26' title='bbox 943 1004 1073 1078; x_wconf 88' lang='lat' dir='ltr'>spiritale</span> <span class='ocrx_word' id='word_1_27' title='bbox 1095 1004 1235 1065; x_wconf 79' lang='lat' dir='ltr'><strong>insinuat.</strong></span> 
     </span>
    </p>

    <p class='ocr_par' dir='ltr' id='par_1_4' title="bbox 201 1089 1375 1243">
     <span class='ocr_line' id='line_1_6' title="bbox 201 1089 1375 1169; baseline 0 -17"><span class='ocrx_word' id='word_1_28' title='bbox 201 1120 214 1160; x_wconf 64' lang='lat' dir='ltr'>a</span> <span class='ocrx_word' id='word_1_29' title='bbox 325 1094 422 1153; x_wconf 83' lang='lat' dir='ltr'>XVIII</span> <span class='ocrx_word' id='word_1_30' title='bbox 445 1093 501 1151; x_wconf 86' lang='lat' dir='ltr'>Hie</span> <span class='ocrx_word' id='word_1_31' title='bbox 525 1092 696 1163; x_wconf 76' lang='lat' dir='ltr'>ostenditur,</span> <span class='ocrx_word' id='word_1_32' title='bbox 722 1094 791 1167; x_wconf 82' lang='lat' dir='ltr'>quid</span> <span class='ocrx_word' id='word_1_33' title='bbox 819 1094 979 1169; x_wconf 87' lang='lat' dir='ltr'>corporalis</span> <span class='ocrx_word' id='word_1_34' title='bbox 1006 1093 1079 1154; x_wconf 90' lang='lat' dir='ltr'>uisi0</span> <span class='ocrx_word' id='word_1_35' title='bbox 1103 1089 1306 1169; x_wconf 59' lang='lat' dir='ltr'>possitquae</span> <span class='ocrx_word' id='word_1_36' title='bbox 1331 1096 1375 1152; x_wconf 88' lang='lat' dir='ltr'>est</span> 
     </span>
     <span class='ocr_line' id='line_1_7' title="bbox 446 1181 793 1243; baseline 0.012 -4"><span class='ocrx_word' id='word_1_37' title='bbox 446 1182 505 1239; x_wconf 92' lang='lat' dir='ltr'>illis</span> <span class='ocrx_word' id='word_1_38' title='bbox 529 1181 641 1241; x_wconf 90' lang='lat' dir='ltr'>duobus</span> <span class='ocrx_word' id='word_1_39' title='bbox 664 1182 793 1243; x_wconf 85' lang='lat' dir='ltr'>inferior.</span> 
     </span>
    </p>

    <p class='ocr_par' dir='ltr' id='par_1_5' title="bbox 311 1270 1374 1347">
     <span class='ocr_line' id='line_1_8' title="bbox 311 1270 1374 1347; baseline -0.001 -17"><span class='ocrx_word' id='word_1_40' title='bbox 311 1272 423 1330; x_wconf 90' lang='lat' dir='ltr'>XVIIII</span> <span class='ocrx_word' id='word_1_41' title='bbox 445 1270 527 1329; x_wconf 82' lang='lat' dir='ltr'>Nihil</span> <span class='ocrx_word' id='word_1_42' title='bbox 550 1270 680 1344; x_wconf 84' lang='lat' dir='ltr'>intellegi</span> <span class='ocrx_word' id='word_1_43' title='bbox 703 1270 752 1331; x_wconf 90' lang='lat' dir='ltr'>uel</span> <span class='ocrx_word' id='word_1_44' title='bbox 776 1271 884 1345; x_wconf 88' lang='lat' dir='ltr'>requiri</span> <span class='ocrx_word' id='word_1_45' title='bbox 912 1272 969 1331; x_wconf 94' lang='lat' dir='ltr'>nisi</span> <span class='ocrx_word' id='word_1_46' title='bbox 993 1272 1113 1332; x_wconf 79' lang='lat' dir='ltr'>offensio</span> <span class='ocrx_word' id='word_1_47' title='bbox 1137 1272 1244 1341; x_wconf 88' lang='lat' dir='ltr'>mentis</span> <span class='ocrx_word' id='word_1_48' title='bbox 1266 1275 1374 1347; x_wconf 88' lang='lat' dir='ltr'>potest.</span> 
     </span>
    </p>

    <p class='ocr_par' dir='ltr' id='par_1_6' title="bbox 370 1356 1375 1435">
     <span class='ocr_line' id='line_1_9' title="bbox 370 1356 1375 1435; baseline -0.001 -15"><span class='ocrx_word' id='word_1_49' title='bbox 370 1360 420 1420; x_wconf 91' lang='lat' dir='ltr'>XX</span> <span class='ocrx_word' id='word_1_50' title='bbox 443 1359 603 1435; x_wconf 83' lang='lat' dir='ltr'>Requisitiu</span> <span class='ocrx_word' id='word_1_51' title='bbox 633 1356 662 1419; x_wconf 80' lang='lat' dir='ltr'>&#39;et</span> <span class='ocrx_word' id='word_1_52' title='bbox 689 1360 861 1435; x_wconf 75' lang='lat' dir='ltr'>disceptatio</span> <span class='ocrx_word' id='word_1_53' title='bbox 890 1360 920 1420; x_wconf 94' lang='lat' dir='ltr'>in</span> <span class='ocrx_word' id='word_1_54' title='bbox 949 1360 1054 1421; x_wconf 87' lang='lat' dir='ltr'>montis</span> <span class='ocrx_word' id='word_1_55' title='bbox 1081 1362 1197 1423; x_wconf 87' lang='lat' dir='ltr'>actione</span> <span class='ocrx_word' id='word_1_56' title='bbox 1229 1361 1375 1421; x_wconf 87' lang='lat' dir='ltr'>consistit.</span> 
     </span>
    </p>

    <p class='ocr_par' dir='ltr' id='par_1_7' title="bbox 306 1448 1372 1615">
     <span class='ocr_line' id='line_1_10' title="bbox 306 1448 1372 1526; baseline 0.001 -19"><span class='ocrx_word' id='word_1_57' title='bbox 306 1518 309 1524; x_wconf 33' lang='grc'>,</span> <span class='ocrx_word' id='word_1_58' title='bbox 356 1450 421 1507; x_wconf 92' lang='lat' dir='ltr'>XXI</span> <span class='ocrx_word' id='word_1_59' title='bbox 444 1449 518 1519; x_wconf 82' lang='lat' dir='ltr'>Quid</span> <span class='ocrx_word' id='word_1_60' title='bbox 542 1449 632 1508; x_wconf 89' lang='lat' dir='ltr'>nimia</span> <span class='ocrx_word' id='word_1_61' title='bbox 653 1448 743 1508; x_wconf 83' lang='lat' dir='ltr'>faciat</span> <span class='ocrx_word' id='word_1_62' title='bbox 766 1450 951 1524; x_wconf 75' lang='lat' dir='ltr'>cogitationis</span> <span class='ocrx_word' id='word_1_63' title='bbox 973 1450 1096 1511; x_wconf 90' lang='lat' dir='ltr'>intentio</span> <span class='ocrx_word' id='word_1_64' title='bbox 1124 1451 1172 1511; x_wconf 90' lang='lat' dir='ltr'>uel</span> <span class='ocrx_word' id='word_1_65' title='bbox 1199 1449 1298 1526; x_wconf 87' lang='lat' dir='ltr'>aliqua</span> <span class='ocrx_word' id='word_1_66' title='bbox 1326 1451 1372 1509; x_wconf 91' lang='lat' dir='ltr'>uis</span> 
     </span>
     <span class='ocr_line' id='line_1_11' title="bbox 446 1536 1237 1615; baseline 0.005 -20"><span class='ocrx_word' id='word_1_67' title='bbox 446 1536 538 1597; x_wconf 82' lang='lat' dir='ltr'>morbi</span> <span class='ocrx_word' id='word_1_68' title='bbox 561 1538 608 1597; x_wconf 88' lang='lat' dir='ltr'>uel</span> <span class='ocrx_word' id='word_1_69' title='bbox 631 1538 768 1598; x_wconf 80' lang='lat' dir='ltr'>admixtio</span> <span class='ocrx_word' id='word_1_70' title='bbox 793 1538 943 1598; x_wconf 88' lang='lat' dir='ltr'>cuiusdam</span> <span class='ocrx_word' id='word_1_71' title='bbox 966 1539 1084 1599; x_wconf 90' lang='lat' dir='ltr'>alterius</span> <span class='ocrx_word' id='word_1_72' title='bbox 1107 1540 1237 1615; x_wconf 86' lang='lat' dir='ltr'>spiritus.</span> 
     </span>
    </p>

    <p class='ocr_par' dir='ltr' id='par_1_8' title="bbox 318 1626 1377 1777">
     <span class='ocr_line' id='line_1_12' title="bbox 344 1626 1377 1704; baseline -0.001 -17"><span class='ocrx_word' id='word_1_73' title='bbox 344 1628 425 1687; x_wconf 91' lang='lat' dir='ltr'>XXII</span> <span class='ocrx_word' id='word_1_74' title='bbox 446 1626 611 1687; x_wconf 82' lang='lat' dir='ltr'>Nonnullae</span> <span class='ocrx_word' id='word_1_75' title='bbox 626 1626 697 1686; x_wconf 89' lang='lat' dir='ltr'>dicit</span> <span class='ocrx_word' id='word_1_76' title='bbox 709 1628 784 1687; x_wconf 91' lang='lat' dir='ltr'>uelle</span> <span class='ocrx_word' id='word_1_77' title='bbox 798 1628 924 1687; x_wconf 89' lang='lat' dir='ltr'>animam</span> <span class='ocrx_word' id='word_1_78' title='bbox 937 1628 1092 1688; x_wconf 88' lang='lat' dir='ltr'>humanam</span> <span class='ocrx_word' id='word_1_79' title='bbox 1105 1629 1212 1689; x_wconf 89' lang='lat' dir='ltr'>babere</span> <span class='ocrx_word' id='word_1_80' title='bbox 1230 1628 1377 1704; x_wconf 89' lang='lat' dir='ltr'>quandam</span> 
     </span>
     <span class='ocr_line' id='line_1_13' title="bbox 318 1716 945 1777; baseline 0.005 -3"><span class='ocrx_word' id='word_1_81' title='bbox 318 1718 320 1725; x_wconf 83' lang='lat'>&#39;</span> <span class='ocrx_word' id='word_1_82' title='bbox 445 1716 505 1775; x_wconf 89' lang='lat' dir='ltr'>uim</span> <span class='ocrx_word' id='word_1_83' title='bbox 528 1716 726 1777; x_wconf 87' lang='lat' dir='ltr'>diuinationia.</span> <span class='ocrx_word' id='word_1_84' title='bbox 750 1717 807 1776; x_wconf 86' lang='lat' dir='ltr'>hoc</span> <span class='ocrx_word' id='word_1_85' title='bbox 829 1716 945 1777; x_wconf 82' lang='lat' dir='ltr'>refellit.</span> 
     </span>
    </p>

    <p class='ocr_par' dir='ltr' id='par_1_9' title="bbox 326 1805 1498 1881">
     <span class='ocr_line' id='line_1_14' title="bbox 326 1805 1498 1881; baseline 0 -16"><span class='ocrx_word' id='word_1_86' title='bbox 326 1806 424 1865; x_wconf 90' lang='lat' dir='ltr'>XXIII</span> <span class='ocrx_word' id='word_1_87' title='bbox 447 1805 617 1879; x_wconf 86' lang='lat' dir='ltr'>Corporales</span> <span class='ocrx_word' id='word_1_88' title='bbox 646 1806 787 1880; x_wconf 79' lang='lat' dir='ltr'>imagines</span> <span class='ocrx_word' id='word_1_89' title='bbox 815 1824 929 1881; x_wconf 86' lang='lat' dir='ltr'>semper</span> <span class='ocrx_word' id='word_1_90' title='bbox 955 1806 1041 1881; x_wconf 81' lang='lat' dir='ltr'>signa</span> <span class='ocrx_word' id='word_1_91' title='bbox 1067 1806 1189 1867; x_wconf 86' lang='lat' dir='ltr'>aliarum</span> <span class='ocrx_word' id='word_1_92' title='bbox 1212 1823 1307 1867; x_wconf 90' lang='lat' dir='ltr'>rerum</span> <span class='ocrx_word' id='word_1_93' title='bbox 1330 1825 1376 1865; x_wconf 81' lang='lat' dir='ltr'>ex·</span> <span class='ocrx_word' id='word_1_94' title='bbox 1495 1825 1498 1829; x_wconf 92' lang='grc'><em>·</em></span> 
     </span>
    </p>

    <p class='ocr_par' dir='ltr' id='par_1_10' title="bbox 447 1893 911 1957">
     <span class='ocr_line' id='line_1_15' title="bbox 447 1893 911 1957; baseline 0.009 -5"><span class='ocrx_word' id='word_1_95' title='bbox 447 1893 547 1953; x_wconf 90' lang='lat' dir='ltr'>hibere</span> <span class='ocrx_word' id='word_1_96' title='bbox 571 1894 687 1955; x_wconf 90' lang='lat' dir='ltr'>rniuime</span> <span class='ocrx_word' id='word_1_97' title='bbox 711 1896 911 1957; x_wconf 87' lang='lat' dir='ltr'>dubitandum.</span> 
     </span>
    </p>

    <p class='ocr_par' dir='ltr' id='par_1_11' title="bbox 314 1984 1378 2223">
     <span class='ocr_line' id='line_1_16' title="bbox 314 1984 1376 2059; baseline 0 -16"><span class='ocrx_word' id='word_1_98' title='bbox 314 1984 425 2043; x_wconf 79' lang='lat' dir='ltr'>XXIIII</span> <span class='ocrx_word' id='word_1_99' title='bbox 448 1984 612 2055; x_wconf 79' lang='lat' dir='ltr'>Sciendum,</span> <span class='ocrx_word' id='word_1_100' title='bbox 643 1984 720 2058; x_wconf 91' lang='lat' dir='ltr'>quod</span> <span class='ocrx_word' id='word_1_101' title='bbox 747 2002 801 2059; x_wconf 91' lang='lat' dir='ltr'>per</span> <span class='ocrx_word' id='word_1_102' title='bbox 828 1984 1005 2059; x_wconf 87' lang='lat' dir='ltr'>corporalem</span> <span class='ocrx_word' id='word_1_103' title='bbox 1033 1984 1174 2044; x_wconf 80' lang='lat' dir='ltr'>ulcionem</span> <span class='ocrx_word' id='word_1_104' title='bbox 1201 1984 1250 2044; x_wconf 93' lang='lat' dir='ltr'>uel</span> <span class='ocrx_word' id='word_1_105' title='bbox 1272 2000 1376 2059; x_wconf 91' lang='lat' dir='ltr'>corpo-</span> 
     </span>
     <span class='ocr_line' id='line_1_17' title="bbox 446 2072 1378 2148; baseline 0.003 -18"><span class='ocrx_word' id='word_1_106' title='bbox 446 2072 549 2131; x_wconf 85' lang='lat' dir='ltr'>ralium</span> <span class='ocrx_word' id='word_1_107' title='bbox 573 2090 667 2131; x_wconf 90' lang='lat' dir='ltr'>rerum</span> <span class='ocrx_word' id='word_1_108' title='bbox 689 2073 833 2148; x_wconf 81' lang='lat' dir='ltr'>imagines</span> <span class='ocrx_word' id='word_1_109' title='bbox 857 2078 886 2132; x_wconf 91' lang='lat' dir='ltr'>et</span> <span class='ocrx_word' id='word_1_110' title='bbox 908 2074 978 2133; x_wconf 88' lang='lat' dir='ltr'>boui</span> <span class='ocrx_word' id='word_1_111' title='bbox 1006 2074 1126 2148; x_wconf 89' lang='lat' dir='ltr'>spiritus</span> <span class='ocrx_word' id='word_1_112' title='bbox 1148 2074 1326 2133; x_wconf 86' lang='lat' dir='ltr'>instruentes</span> <span class='ocrx_word' id='word_1_113' title='bbox 1349 2077 1378 2133; x_wconf 82' lang='lat' dir='ltr'>et</span> 
     </span>
     <span class='ocr_line' id='line_1_18' title="bbox 446 2162 650 2223; baseline 0.01 -2"><span class='ocrx_word' id='word_1_114' title='bbox 446 2162 515 2221; x_wconf 88' lang='lat' dir='ltr'>mali</span> <span class='ocrx_word' id='word_1_115' title='bbox 537 2162 650 2223; x_wconf 86' lang='lat' dir='ltr'>fallant.</span> 
     </span>
    </p>

    <p class='ocr_par' dir='ltr' id='par_1_12' title="bbox 349 2250 1378 2505">
     <span class='ocr_line' id='line_1_19' title="bbox 349 2250 1377 2327; baseline -0.001 -16"><span class='ocrx_word' id='word_1_116' title='bbox 349 2252 425 2311; x_wconf 85' lang='lat' dir='ltr'>XXV</span> <span class='ocrx_word' id='word_1_117' title='bbox 449 2250 518 2310; x_wconf 86' lang='lat' dir='ltr'>Cum</span> <span class='ocrx_word' id='word_1_118' title='bbox 542 2250 614 2310; x_wconf 90' lang='lat' dir='ltr'>uisis</span> <span class='ocrx_word' id='word_1_119' title='bbox 638 2250 837 2326; x_wconf 87' lang='lat' dir='ltr'>corporalibus</span> <span class='ocrx_word' id='word_1_120' title='bbox 863 2252 912 2310; x_wconf 91' lang='lat' dir='ltr'>uel</span> <span class='ocrx_word' id='word_1_121' title='bbox 941 2251 1121 2327; x_wconf 84' lang='lat' dir='ltr'>spiritalibus</span> <span class='ocrx_word' id='word_1_122' title='bbox 1145 2250 1280 2313; x_wconf 89' lang='lat' dir='ltr'>diabolus</span> <span class='ocrx_word' id='word_1_123' title='bbox 1302 2250 1377 2311; x_wconf 89' lang='lat' dir='ltr'>ludi·</span> 
     </span>
     <span class='ocr_line' id='line_1_20' title="bbox 444 2340 1378 2409; baseline 0.001 -11"><span class='ocrx_word' id='word_1_124' title='bbox 444 2340 515 2399; x_wconf 86' lang='lat' dir='ltr'>ficat</span> <span class='ocrx_word' id='word_1_125' title='bbox 537 2341 671 2409; x_wconf 87' lang='lat' dir='ltr'>animam,</span> <span class='ocrx_word' id='word_1_126' title='bbox 692 2340 796 2400; x_wconf 91' lang='lat' dir='ltr'>sinon</span> <span class='ocrx_word' id='word_1_127' title='bbox 820 2344 931 2400; x_wconf 88' lang='lat' dir='ltr'>erretur</span> <span class='ocrx_word' id='word_1_128' title='bbox 952 2342 983 2399; x_wconf 95' lang='lat' dir='ltr'>in</span> <span class='ocrx_word' id='word_1_129' title='bbox 1006 2343 1128 2401; x_wconf 89' lang='lat' dir='ltr'>ueritate</span> <span class='ocrx_word' id='word_1_130' title='bbox 1150 2340 1218 2401; x_wconf 85' lang='lat' dir='ltr'>fidei</span> <span class='ocrx_word' id='word_1_131' title='bbox 1242 2343 1271 2400; x_wconf 90' lang='lat' dir='ltr'>at</span> <span class='ocrx_word' id='word_1_132' title='bbox 1293 2342 1378 2400; x_wconf 87' lang='lat' dir='ltr'>iutel-</span> 
     </span>
     <span class='ocr_line' id='line_1_21' title="bbox 444 2428 1075 2505; baseline 0.002 -15"><span class='ocrx_word' id='word_1_133' title='bbox 444 2430 588 2505; x_wconf 89' lang='lat' dir='ltr'>legentiae</span> <span class='ocrx_word' id='word_1_134' title='bbox 611 2429 746 2502; x_wconf 84' lang='lat' dir='ltr'>sanitate,</span> <span class='ocrx_word' id='word_1_135' title='bbox 772 2428 845 2489; x_wconf 91' lang='lat' dir='ltr'>nibil</span> <span class='ocrx_word' id='word_1_136' title='bbox 868 2431 971 2491; x_wconf 85' lang='lat' dir='ltr'>obesse</span> <span class='ocrx_word' id='word_1_137' title='bbox 994 2430 1075 2491; x_wconf 89' lang='lat' dir='ltr'>dicit.</span> 
     </span>
    </p>

    <p class='ocr_par' dir='ltr' id='par_1_13' title="bbox 302 2519 1378 2774">
     <span class='ocr_line' id='line_1_22' title="bbox 330 2519 1375 2596; baseline 0.002 -18"><span class='ocrx_word' id='word_1_138' title='bbox 330 2519 422 2578; x_wconf 87' lang='lat' dir='ltr'>XXVI</span> <span class='ocrx_word' id='word_1_139' title='bbox 445 2520 604 2578; x_wconf 88' lang='lat' dir='ltr'>Phantasia</span> <span class='ocrx_word' id='word_1_140' title='bbox 618 2521 663 2579; x_wconf 92' lang='lat' dir='ltr'>est</span> <span class='ocrx_word' id='word_1_141' title='bbox 677 2519 807 2594; x_wconf 87' lang='lat' dir='ltr'>corporis</span> <span class='ocrx_word' id='word_1_142' title='bbox 820 2520 867 2579; x_wconf 94' lang='lat' dir='ltr'>uel</span> <span class='ocrx_word' id='word_1_143' title='bbox 882 2521 1040 2596; x_wconf 88' lang='lat' dir='ltr'>corporalis</span> <span class='ocrx_word' id='word_1_144' title='bbox 1059 2521 1182 2580; x_wconf 89' lang='lat' dir='ltr'>actionis</span> <span class='ocrx_word' id='word_1_145' title='bbox 1196 2520 1375 2596; x_wconf 84' lang='lat' dir='ltr'>imaginatio.</span> 
     </span>
     <span class='ocr_line' id='line_1_23' title="bbox 318 2609 1286 2685; baseline 0 -17"><span class='ocrx_word' id='word_1_146' title='bbox 318 2609 425 2668; x_wconf 88' lang='lat' dir='ltr'>XXVII</span> <span class='ocrx_word' id='word_1_147' title='bbox 449 2609 583 2684; x_wconf 78' lang='lat' dir='ltr'>(torporis</span> <span class='ocrx_word' id='word_1_148' title='bbox 606 2625 709 2668; x_wconf 90' lang='lat' dir='ltr'>sensus</span> <span class='ocrx_word' id='word_1_149' title='bbox 733 2609 770 2668; x_wconf 89' lang='lat' dir='ltr'>ad</span> <span class='ocrx_word' id='word_1_150' title='bbox 794 2609 859 2667; x_wconf 89' lang='lat' dir='ltr'>uisa</span> <span class='ocrx_word' id='word_1_151' title='bbox 876 2613 989 2669; x_wconf 84' lang='lat' dir='ltr'>tantum</span> <span class='ocrx_word' id='word_1_152' title='bbox 1014 2609 1176 2685; x_wconf 89' lang='lat' dir='ltr'>corporalia</span> <span class='ocrx_word' id='word_1_153' title='bbox 1198 2610 1286 2669; x_wconf 91' lang='lat' dir='ltr'>ualet.</span> 
     </span>
     <span class='ocr_line' id='line_1_24' title="bbox 302 2697 1378 2774; baseline -0.001 -17"><span class='ocrx_word' id='word_1_154' title='bbox 302 2699 424 2757; x_wconf 92' lang='lat' dir='ltr'>XXVIII</span> <span class='ocrx_word' id='word_1_155' title='bbox 447 2698 504 2756; x_wconf 86' lang='lat' dir='ltr'>Hic</span> <span class='ocrx_word' id='word_1_156' title='bbox 527 2697 725 2768; x_wconf 88' lang='lat' dir='ltr'>ratiocinatur,</span> <span class='ocrx_word' id='word_1_157' title='bbox 749 2701 782 2757; x_wconf 91' lang='lat' dir='ltr'>ut</span> <span class='ocrx_word' id='word_1_158' title='bbox 805 2699 941 2758; x_wconf 89' lang='lat' dir='ltr'>ostendat</span> <span class='ocrx_word' id='word_1_159' title='bbox 966 2700 1193 2774; x_wconf 83' lang='lat' dir='ltr'>praestantiores</span> <span class='ocrx_word' id='word_1_160' title='bbox 1217 2716 1280 2759; x_wconf 86' lang='lat' dir='ltr'>esse</span> <span class='ocrx_word' id='word_1_161' title='bbox 1303 2698 1378 2758; x_wconf 89' lang='lat' dir='ltr'>ima-</span> 
     </span>
    </p>

    <p class='ocr_par' dir='ltr' id='par_1_14' title="bbox 447 2787 1378 2950">
     <span class='ocr_line' id='line_1_25' title="bbox 448 2787 1378 2864; baseline 0 -19"><span class='ocrx_word' id='word_1_162' title='bbox 448 2787 530 2860; x_wconf 86' lang='lat' dir='ltr'>gines</span> <span class='ocrx_word' id='word_1_163' title='bbox 559 2803 722 2861; x_wconf 89' lang='lat' dir='ltr'>corporum,</span> <span class='ocrx_word' id='word_1_164' title='bbox 752 2805 825 2862; x_wconf 89' lang='lat' dir='ltr'>quae</span> <span class='ocrx_word' id='word_1_165' title='bbox 852 2787 926 2847; x_wconf 86' lang='lat' dir='ltr'>fiunt</span> <span class='ocrx_word' id='word_1_166' title='bbox 947 2788 976 2847; x_wconf 91' lang='lat' dir='ltr'>iu</span> <span class='ocrx_word' id='word_1_167' title='bbox 1001 2789 1114 2862; x_wconf 89' lang='lat' dir='ltr'>spiritu,</span> <span class='ocrx_word' id='word_1_168' title='bbox 1139 2806 1226 2864; x_wconf 86' lang='lat' dir='ltr'>quam</span> <span class='ocrx_word' id='word_1_169' title='bbox 1255 2804 1378 2863; x_wconf 89' lang='lat' dir='ltr'>corpora</span> 
     </span>
     <span class='ocr_line' id='line_1_26' title="bbox 447 2875 838 2950; baseline 0.003 -16"><span class='ocrx_word' id='word_1_170' title='bbox 447 2877 565 2950; x_wconf 84' lang='lat' dir='ltr'>ipsein</span> <span class='ocrx_word' id='word_1_171' title='bbox 589 2875 753 2934; x_wconf 88' lang='lat' dir='ltr'>substantia</span> <span class='ocrx_word' id='word_1_172' title='bbox 776 2893 838 2935; x_wconf 89' lang='lat' dir='ltr'>sua.</span> 
     </span>
    </p>

    <p class='ocr_par' dir='ltr' id='par_1_15' title="bbox 287 2964 1379 3306">
     <span class='ocr_line' id='line_1_27' title="bbox 287 2964 1378 3041; baseline 0 -17"><span class='ocrx_word' id='word_1_173' title='bbox 287 2966 424 3024; x_wconf 89' lang='lat' dir='ltr'>XXVHII</span> <span class='ocrx_word' id='word_1_174' title='bbox 447 2965 594 3039; x_wconf 81' lang='lat' dir='ltr'>Imagines</span> <span class='ocrx_word' id='word_1_175' title='bbox 616 2964 664 3024; x_wconf 87' lang='lat' dir='ltr'>lric</span> <span class='ocrx_word' id='word_1_176' title='bbox 687 2965 753 3024; x_wconf 84' lang='lat' dir='ltr'>illas</span> <span class='ocrx_word' id='word_1_177' title='bbox 776 2965 842 3024; x_wconf 89' lang='lat' dir='ltr'>uult</span> <span class='ocrx_word' id='word_1_178' title='bbox 863 2965 1004 3041; x_wconf 85' lang='lat' dir='ltr'>intellegi,</span> <span class='ocrx_word' id='word_1_179' title='bbox 1029 2982 1100 3041; x_wconf 88' lang='lat' dir='ltr'>quas</span> <span class='ocrx_word' id='word_1_180' title='bbox 1124 2967 1182 3026; x_wconf 92' lang='lat' dir='ltr'>sibi</span> <span class='ocrx_word' id='word_1_181' title='bbox 1200 2965 1378 3041; x_wconf 76' lang='lat' dir='ltr'>cogitabone</span> 
     </span>
     <span class='ocr_line' id='line_1_28' title="bbox 447 3055 1379 3131; baseline 0 -19"><span class='ocrx_word' id='word_1_182' title='bbox 447 3071 500 3112; x_wconf 88' lang='lat' dir='ltr'>sua</span> <span class='ocrx_word' id='word_1_183' title='bbox 526 3059 556 3112; x_wconf 91' lang='lat' dir='ltr'>ln</span> <span class='ocrx_word' id='word_1_184' title='bbox 585 3071 616 3113; x_wconf 89' lang='lat' dir='ltr'>sa</span> <span class='ocrx_word' id='word_1_185' title='bbox 644 3055 757 3113; x_wconf 90' lang='lat' dir='ltr'>animus</span> <span class='ocrx_word' id='word_1_186' title='bbox 785 3055 866 3128; x_wconf 90' lang='lat' dir='ltr'>prius</span> <span class='ocrx_word' id='word_1_187' title='bbox 894 3073 980 3130; x_wconf 88' lang='lat' dir='ltr'>quarn</span> <span class='ocrx_word' id='word_1_188' title='bbox 1008 3055 1118 3131; x_wconf 87' lang='lat' dir='ltr'>aliquid</span> <span class='ocrx_word' id='word_1_189' title='bbox 1147 3073 1232 3131; x_wconf 88' lang='lat' dir='ltr'>agere</span> <span class='ocrx_word' id='word_1_190' title='bbox 1255 3055 1379 3129; x_wconf 88' lang='lat' dir='ltr'>incipiat</span> 
     </span>
     <span class='ocr_line' id='line_1_29' title="bbox 447 3143 1377 3220; baseline 0 -18"><span class='ocrx_word' id='word_1_191' title='bbox 447 3143 553 3202; x_wconf 76' lang='lat' dir='ltr'>format</span> <span class='ocrx_word' id='word_1_192' title='bbox 575 3146 625 3202; x_wconf 87' lang='lat' dir='ltr'>aut</span> <span class='ocrx_word' id='word_1_193' title='bbox 647 3144 764 3202; x_wconf 88' lang='lat' dir='ltr'>aliunde</span> <span class='ocrx_word' id='word_1_194' title='bbox 787 3143 817 3203; x_wconf 93' lang='lat' dir='ltr'>in</span> <span class='ocrx_word' id='word_1_195' title='bbox 841 3162 872 3204; x_wconf 91' lang='lat' dir='ltr'>se</span> <span class='ocrx_word' id='word_1_196' title='bbox 896 3162 1000 3204; x_wconf 90' lang='lat' dir='ltr'>sensus</span> <span class='ocrx_word' id='word_1_197' title='bbox 1017 3145 1178 3205; x_wconf 87' lang='lat' dir='ltr'>ministerio</span> <span class='ocrx_word' id='word_1_198' title='bbox 1206 3145 1258 3204; x_wconf 86' lang='lat' dir='ltr'>aad</span> <span class='ocrx_word' id='word_1_199' title='bbox 1276 3162 1329 3220; x_wconf 91' lang='lat' dir='ltr'>per</span> <span class='ocrx_word' id='word_1_200' title='bbox 1346 3161 1377 3203; x_wconf 89' lang='lat' dir='ltr'>se</span> 
     </span>
     <span class='ocr_line' id='line_1_30' title="bbox 446 3231 713 3306; baseline 0.015 -16"><span class='ocrx_word' id='word_1_201' title='bbox 446 3233 536 3290; x_wconf 88' lang='lat' dir='ltr'>habet</span> <span class='ocrx_word' id='word_1_202' title='bbox 557 3231 713 3306; x_wconf 83' lang='lat' dir='ltr'>inpressas.</span> 
     </span>
    </p>

    <p class='ocr_par' dir='ltr' id='par_1_16' title="bbox 350 3321 1377 3559">
     <span class='ocr_line' id='line_1_31' title="bbox 350 3321 1377 3397; baseline 0.001 -18"><span class='ocrx_word' id='word_1_203' title='bbox 350 3321 425 3379; x_wconf 92' lang='lat' dir='ltr'>XXX</span> <span class='ocrx_word' id='word_1_204' title='bbox 448 3323 492 3380; x_wconf 90' lang='lat' dir='ltr'>De</span> <span class='ocrx_word' id='word_1_205' title='bbox 516 3338 559 3391; x_wconf 86' lang='lat' dir='ltr'>eo,</span> <span class='ocrx_word' id='word_1_206' title='bbox 585 3321 633 3396; x_wconf 83' lang='lat' dir='ltr'>qui</span> <span class='ocrx_word' id='word_1_207' title='bbox 656 3323 789 3396; x_wconf 91' lang='lat' dir='ltr'>spiritum</span> <span class='ocrx_word' id='word_1_208' title='bbox 813 3325 929 3397; x_wconf 91' lang='lat' dir='ltr'>patiens</span> <span class='ocrx_word' id='word_1_209' title='bbox 951 3322 1120 3382; x_wconf 89' lang='lat' dir='ltr'>inmundum</span> <span class='ocrx_word' id='word_1_210' title='bbox 1153 3323 1248 3382; x_wconf 87' lang='lat' dir='ltr'>dicere</span> <span class='ocrx_word' id='word_1_211' title='bbox 1271 3323 1377 3382; x_wconf 85' lang='lat' dir='ltr'>soleret</span> 
     </span>
     <span class='ocr_line' id='line_1_32' title="bbox 447 3411 1377 3487; baseline 0.002 -19"><span class='ocrx_word' id='word_1_212' title='bbox 447 3411 646 3484; x_wconf 81' lang='lat' dir='ltr'>presbyterum</span> <span class='ocrx_word' id='word_1_213' title='bbox 678 3411 708 3469; x_wconf 91' lang='lat' dir='ltr'>in</span> <span class='ocrx_word' id='word_1_214' title='bbox 740 3411 798 3471; x_wconf 91' lang='lat' dir='ltr'>alio</span> <span class='ocrx_word' id='word_1_215' title='bbox 831 3413 894 3472; x_wconf 90' lang='lat' dir='ltr'>loco</span> <span class='ocrx_word' id='word_1_216' title='bbox 931 3414 1096 3472; x_wconf 88' lang='lat' dir='ltr'>manentem</span> <span class='ocrx_word' id='word_1_217' title='bbox 1128 3413 1244 3487; x_wconf 89' lang='lat' dir='ltr'>quando</span> <span class='ocrx_word' id='word_1_218' title='bbox 1277 3412 1314 3471; x_wconf 90' lang='lat' dir='ltr'>ad</span> <span class='ocrx_word' id='word_1_219' title='bbox 1346 3429 1377 3470; x_wconf 88' lang='lat' dir='ltr'>se</span> 
     </span>
     <span class='ocr_line' id='line_1_33' title="bbox 447 3498 723 3559; baseline 0.011 -3"><span class='ocrx_word' id='word_1_220' title='bbox 447 3498 551 3558; x_wconf 86' lang='lat' dir='ltr'>fuisset</span> <span class='ocrx_word' id='word_1_221' title='bbox 573 3503 723 3559; x_wconf 88' lang='lat' dir='ltr'>uenturus.</span> 
     </span>
    </p>

    <p class='ocr_par' dir='ltr' id='par_1_17' title="bbox 335 3587 1377 3753">
     <span class='ocr_line' id='line_1_34' title="bbox 335 3587 1377 3664; baseline 0.003 -19"><span class='ocrx_word' id='word_1_222' title='bbox 335 3587 426 3646; x_wconf 88' lang='lat' dir='ltr'>XXXI</span> <span class='ocrx_word' id='word_1_223' title='bbox 448 3589 505 3646; x_wconf 92' lang='lat' dir='ltr'>Hic</span> <span class='ocrx_word' id='word_1_224' title='bbox 529 3587 564 3648; x_wconf 93' lang='lat' dir='ltr'>de</span> <span class='ocrx_word' id='word_1_225' title='bbox 587 3590 765 3663; x_wconf 87' lang='lat' dir='ltr'>phrenetico,</span> <span class='ocrx_word' id='word_1_226' title='bbox 787 3589 884 3664; x_wconf 88' lang='lat' dir='ltr'>quiin</span> <span class='ocrx_word' id='word_1_227' title='bbox 903 3607 957 3649; x_wconf 91' lang='lat' dir='ltr'>sua</span> <span class='ocrx_word' id='word_1_228' title='bbox 978 3589 1115 3664; x_wconf 86' lang='lat' dir='ltr'>passione</span> <span class='ocrx_word' id='word_1_229' title='bbox 1137 3591 1259 3649; x_wconf 83' lang='lat' dir='ltr'>mortem</span> <span class='ocrx_word' id='word_1_230' title='bbox 1283 3589 1377 3648; x_wconf 87' lang='lat' dir='ltr'>cuius-</span> 
     </span>
     <span class='ocr_line' id='line_1_35' title="bbox 448 3677 1205 3753; baseline 0.005 -17"><span class='ocrx_word' id='word_1_231' title='bbox 448 3678 514 3736; x_wconf 86' lang='lat' dir='ltr'>dam</span> <span class='ocrx_word' id='word_1_232' title='bbox 537 3677 661 3737; x_wconf 78' lang='lat' dir='ltr'>ieminae</span> <span class='ocrx_word' id='word_1_233' title='bbox 684 3679 909 3753; x_wconf 88' lang='lat' dir='ltr'>praenuntiauit.</span> <span class='ocrx_word' id='word_1_234' title='bbox 1202 3743 1205 3750; x_wconf 71' lang='grc'>,</span> 
     </span>
    </p>

    <p class='ocr_par' dir='ltr' id='par_1_18' title="bbox 320 3766 1378 4021">
     <span class='ocr_line' id='line_1_36' title="bbox 320 3766 1378 3843; baseline 0 -19"><span class='ocrx_word' id='word_1_235' title='bbox 320 3767 425 3825; x_wconf 91' lang='lat' dir='ltr'>XXXII</span> <span class='ocrx_word' id='word_1_236' title='bbox 449 3767 505 3826; x_wconf 86' lang='lat' dir='ltr'>Hic</span> <span class='ocrx_word' id='word_1_237' title='bbox 529 3767 564 3826; x_wconf 87' lang='lat' dir='ltr'>da</span> <span class='ocrx_word' id='word_1_238' title='bbox 586 3784 686 3842; x_wconf 83' lang='lat' dir='ltr'>puers,</span> <span class='ocrx_word' id='word_1_239' title='bbox 712 3767 760 3842; x_wconf 89' lang='lat' dir='ltr'>qui</span> <span class='ocrx_word' id='word_1_240' title='bbox 779 3767 948 3843; x_wconf 83' lang='lat' dir='ltr'>genItalium</span> <span class='ocrx_word' id='word_1_241' title='bbox 968 3769 1067 3828; x_wconf 87' lang='lat' dir='ltr'>dolore</span> <span class='ocrx_word' id='word_1_242' title='bbox 1093 3766 1225 3827; x_wconf 90' lang='lat' dir='ltr'>adfectus</span> <span class='ocrx_word' id='word_1_243' title='bbox 1243 3768 1280 3826; x_wconf 89' lang='lat' dir='ltr'>ab</span> <span class='ocrx_word' id='word_1_244' title='bbox 1300 3766 1378 3824; x_wconf 90' lang='lat' dir='ltr'>omni</span> 
     </span>
     <span class='ocr_line' id='line_1_37' title="bbox 449 3857 1377 3930; baseline -0.002 -14"><span class='ocrx_word' id='word_1_245' title='bbox 449 3857 579 3930; x_wconf 87' lang='lat' dir='ltr'>corporis</span> <span class='ocrx_word' id='word_1_246' title='bbox 603 3874 690 3916; x_wconf 88' lang='lat' dir='ltr'>sensu</span> <span class='ocrx_word' id='word_1_247' title='bbox 713 3858 851 3916; x_wconf 87' lang='lat' dir='ltr'>recedens</span> <span class='ocrx_word' id='word_1_248' title='bbox 874 3858 989 3917; x_wconf 88' lang='lat' dir='ltr'>iacebat</span> <span class='ocrx_word' id='word_1_249' title='bbox 1010 3860 1043 3915; x_wconf 93' lang='lat' dir='ltr'>ut</span> <span class='ocrx_word' id='word_1_250' title='bbox 1064 3859 1194 3916; x_wconf 88' lang='lat' dir='ltr'>mortuus</span> <span class='ocrx_word' id='word_1_251' title='bbox 1213 3873 1247 3916; x_wconf 88' lang='lat' dir='ltr'>ac</span> <span class='ocrx_word' id='word_1_252' title='bbox 1264 3872 1377 3914; x_wconf 89' lang='lat' dir='ltr'>rursum</span> 
     </span>
     <span class='ocr_line' id='line_1_38' title="bbox 447 3945 1149 4021; baseline 0.003 -18"><span class='ocrx_word' id='word_1_253' title='bbox 447 3945 529 4004; x_wconf 91' lang='lat' dir='ltr'>uelut</span> <span class='ocrx_word' id='word_1_254' title='bbox 551 3946 736 4006; x_wconf 87' lang='lat' dir='ltr'>reuiuescens</span> <span class='ocrx_word' id='word_1_255' title='bbox 759 3965 833 4021; x_wconf 90' lang='lat' dir='ltr'>quae</span> <span class='ocrx_word' id='word_1_256' title='bbox 855 3945 975 4006; x_wconf 89' lang='lat' dir='ltr'>uidebat</span> <span class='ocrx_word' id='word_1_257' title='bbox 997 3945 1149 4006; x_wconf 84' lang='lat' dir='ltr'>referebat.</span> 
     </span>
    </p>

    <p class='ocr_par' dir='ltr' id='par_1_19' title="bbox 307 4034 1377 4096">
     <span class='ocr_line' id='line_1_39' title="bbox 307 4034 1377 4096; baseline 0 -4"><span class='ocrx_word' id='word_1_258' title='bbox 307 4034 427 4093; x_wconf 89' lang='lat' dir='ltr'>XXXIII</span> <span class='ocrx_word' id='word_1_259' title='bbox 448 4034 505 4093; x_wconf 91' lang='lat' dir='ltr'>Hic</span> <span class='ocrx_word' id='word_1_260' title='bbox 532 4035 650 4094; x_wconf 89' lang='lat' dir='ltr'>istarum</span> <span class='ocrx_word' id='word_1_261' title='bbox 679 4035 823 4094; x_wconf 89' lang='lat' dir='ltr'>uisiouum</span> <span class='ocrx_word' id='word_1_262' title='bbox 851 4039 880 4095; x_wconf 91' lang='lat' dir='ltr'>et</span> <span class='ocrx_word' id='word_1_263' title='bbox 907 4035 1118 4096; x_wconf 89' lang='lat' dir='ltr'>diuinationum</span> <span class='ocrx_word' id='word_1_264' title='bbox 1150 4051 1253 4094; x_wconf 85' lang='lat' dir='ltr'>causas</span> <span class='ocrx_word' id='word_1_265' title='bbox 1280 4051 1312 4092; x_wconf 87' lang='lat' dir='ltr'>se</span> <span class='ocrx_word' id='word_1_266' title='bbox 1340 4035 1377 4092; x_wconf 91' lang='lat' dir='ltr'>ab</span> 
     </span>
    </p>
   </div>
   <div class='ocr_carea' id='block_1_3' title="bbox 236 4326 1378 4510">
    <p class='ocr_par' dir='ltr' id='par_1_20' title="bbox 236 4326 1378 4510">
     <span class='ocr_line' id='line_1_40' title="bbox 274 4326 1378 4440; baseline -0.001 -18"><span class='ocrx_word' id='word_1_267' title='bbox 274 4369 305 4422; x_wconf 88' lang='grc'>16</span> <span class='ocrx_word' id='word_1_268' title='bbox 324 4369 476 4423; x_wconf 83' lang='lat' dir='ltr'>instruente</span> <span class='ocrx_word' id='word_1_269' title='bbox 536 4369 570 4424; x_wconf 81' lang='lat'>23</span> <span class='ocrx_word' id='word_1_270' title='bbox 589 4369 783 4439; x_wconf 82' lang='lat' dir='ltr'>prestantiores</span> <span class='ocrx_word' id='word_1_271' title='bbox 842 4370 877 4423; x_wconf 78' lang='lat'>28</span> <span class='ocrx_word' id='word_1_272' title='bbox 896 4385 977 4422; x_wconf 84' lang='lat' dir='ltr'>seusu</span> <span class='ocrx_word' id='word_1_273' title='bbox 1036 4369 1071 4424; x_wconf 81' lang='lat'>30</span> <span class='ocrx_word' id='word_1_274' title='bbox 1088 4364 1139 4440; x_wconf 53' lang='grc' dir='ltr'>ᾧ</span> <span class='ocrx_word' id='word_1_275' title='bbox 1195 4368 1229 4423; x_wconf 93' lang='grc'>33</span> <span class='ocrx_word' id='word_1_276' title='bbox 1247 4326 1378 4424; x_wconf 85' lang='lat' dir='ltr'>frenetico</span> 
     </span>
     <span class='ocr_line' id='line_1_41' title="bbox 236 4441 1253 4510; baseline 0.001 -18"><span class='ocrx_word' id='word_1_277' title='bbox 236 4446 322 4494; x_wconf 87' lang='lat' dir='ltr'>morte</span> <span class='ocrx_word' id='word_1_278' title='bbox 376 4441 411 4495; x_wconf 87' lang='grc'>36</span> <span class='ocrx_word' id='word_1_279' title='bbox 430 4457 525 4504; x_wconf 83' lang='lat' dir='ltr'>sensus</span> <span class='ocrx_word' id='word_1_280' title='bbox 547 4444 569 4508; x_wconf 91' lang='lat' dir='ltr'>(s</span> <span class='ocrx_word' id='word_1_281' title='bbox 584 4441 637 4510; x_wconf 80' lang='lat' dir='ltr'>fin.</span> <span class='ocrx_word' id='word_1_282' title='bbox 657 4457 716 4510; x_wconf 76' lang='lat' dir='ltr'>exp.</span> <span class='ocrx_word' id='word_1_283' title='bbox 737 4458 770 4494; x_wconf 91' lang='lat' dir='ltr'>m.</span> <span class='ocrx_word' id='word_1_284' title='bbox 789 4446 816 4506; x_wconf 88' lang='lat'>1)</span> <span class='ocrx_word' id='word_1_285' title='bbox 871 4441 906 4496; x_wconf 89' lang='grc'>38</span> <span class='ocrx_word' id='word_1_286' title='bbox 923 4441 1037 4494; x_wconf 86' lang='lat' dir='ltr'>istarum</span> <span class='ocrx_word' id='word_1_287' title='bbox 1057 4441 1077 4508; x_wconf 80' lang='lat' dir='ltr'>(i</span> <span class='ocrx_word' id='word_1_288' title='bbox 1095 4458 1116 4496; x_wconf 85' lang='lat' dir='ltr'>a.</span> <span class='ocrx_word' id='word_1_289' title='bbox 1137 4441 1155 4496; x_wconf 91' lang='grc'>1.</span> <span class='ocrx_word' id='word_1_290' title='bbox 1174 4457 1209 4494; x_wconf 87' lang='lat' dir='ltr'>m.</span> <span class='ocrx_word' id='word_1_291' title='bbox 1228 4444 1253 4508; x_wconf 79' lang='lat'>1)</span> 
     </span>
    </p>
   </div>
   <div class='ocr_carea' id='block_1_4' title="bbox 0 0 1584 4950">
    <p class='ocr_par' dir='ltr' id='par_1_21' title="bbox 0 0 1584 4950">
     <span class='ocr_line' id='line_1_42' title="bbox 0 0 1584 4950; baseline 0 0"><span class='ocrx_word' id='word_1_292' title='bbox 0 0 1584 4950; x_wconf 95' lang='lat' dir='ltr'> </span> 
     </span>
    </p>
   </div>
  </div>
 </body>
</html>
