3159 4950
255 481 320 546 310
607 477 633 530 S.
662 475 801 532 Aureli
827 474 1049 544 Augustini
1142 502 1146 506 -

255 673 393 738 sumitur
416 672 523 750 codex,
549 690 620 736 cum
645 655 764 754 aliquid
788 669 947 748 scribitur,
973 669 1103 752 legitur,
1132 667 1323 752 disputatur,
1348 688 1400 734 au·
1434 685 1437 689 ’

256 780 351 859 ditur,
376 797 449 846 cum
473 777 607 862 denique
629 779 720 861 panis
739 777 896 862 frangitur
913 775 1065 842 esurienti
1083 778 1117 840 et
1134 780 1240 840 cetera
1256 776 1398 841 humani-

254 886 331 952 tatis
360 904 397 951 ac
424 884 657 950 misericordiae
689 886 890 966 praestantur
921 882 1035 961 otficia,
1068 881 1300 948 oboedientiam
1327 901 1399 948 caro

256 992 391 1068 exhibet,
416 1011 478 1057 non
508 990 800 1074 concupiscentiam
831 992 951 1055 mouet.
983 988 1034 1054 his
1067 991 1163 1072 atque
1194 987 1400 1057 huiusmodi

255 1098 347 1163 bonis
376 1097 552 1177 desideriis,
581 1097 696 1180 quibus
725 1097 795 1163 sola
821 1095 926 1160 anima
953 1094 1158 1179 concupiscit,
1187 1114 1260 1162 cnm
1291 1095 1400 1161 aducr-
1435 1117 1449 1156 r

256 1209 344 1278 satur
363 1204 493 1288 aliquid,
510 1203 593 1286 quod
612 1203 742 1268 eandem
761 1203 899 1268 animam
918 1202 1093 1268 secundum
1112 1220 1238 1268 omnem
1254 1202 1402 1281 delectat,

255 1316 333 1377 tunc
360 1311 574 1396 diciturycaro
604 1308 827 1393 concupiscere
855 1308 1009 1374 aduersus
1037 1308 1184 1392 spiritum
1212 1312 1245 1374 et
1272 1309 1403 1393 spiritns

257 1418 410 1482 aduersus
434 1437 570 1482 carnem.

303 1524 356 1590 Sic
379 1525 462 1589 euim
486 1523 573 1588 dicta
595 1526 645 1588 est
668 1509 738 1588 caro
762 1521 795 1586 in
819 1540 867 1600 eo,
891 1521 976 1604 quod
999 1521 1174 1587 secundum
1201 1522 1304 1606 ipsam
1327 1522 1405 1587 facit

258 1630 370 1709 anima,
399 1649 472 1696 cum
500 1629 560 1694 ait:
594 1647 677 1694 caro
707 1629 958 1711 concupiscit,
988 1628 1253 1710 quemadmodum
1282 1627 1403 1694 dictum
1422 1647 1450 1686 ιο

259 1741 321 1802 est:
345 1737 430 1802 auris
454 1735 544 1800 audit
563 1739 595 1800 et
614 1734 726 1800 oculus
745 1734 844 1804 uidet.
869 1734 942 1817 quis
961 1734 1044 1798 enim
1063 1735 1175 1811 nescit,
1196 1735 1280 1817 quod
1299 1735 1405 1800 anima

256 1843 363 1927 potius
388 1849 421 1908 et
443 1861 498 1925 per
521 1861 629 1908 aurem
652 1841 762 1906 audiat
785 1844 818 1906 et
840 1860 896 1924 por
918 1842 1048 1906 oculum
1070 1840 1205 1906 uideat?
1232 1841 1280 1906 ita
1300 1841 1403 1924 loqui-

258 1969 329 2014 mur
348 1953 381 2014 et
400 1967 473 2014 cum
492 1947 643 2017 dicimus:
667 1965 780 2012 manus
798 1953 856 2011 tua
874 1947 1024 2012 subuenit
1041 1945 1172 2026 homini,
1192 1965 1265 2011 cum
1284 1945 1405 2029 aliquid

258 2060 401 2139 porrecta
432 2073 528 2120 manu
561 2053 663 2132 datur,
696 2072 759 2136 quo
791 2053 941 2136 cuiquam
973 2053 1189 2118 subueniatur.
1223 2053 1337 2136 quodsi
1364 2052 1404 2117 de

258 2163 327 2245 ipso
361 2162 457 2228 etiam
490 2159 564 2226 fidei
596 2162 699 2239 oculo,
728 2160 768 2224 ad
796 2179 890 2243 quem
917 2161 1055 2244 pertinet
1081 2160 1217 2240 credere,
1246 2179 1327 2243 qnae
1349 2178 1405 2243 per
1423 2181 1449 2222 a

260 2287 382 2334 carnem
420 2287 481 2333 nou
518 2266 677 2346 uidentur,
716 2267 838 2332 dictum
875 2270 939 2333 est:
977 2267 1125 2332 uidebit
1163 2265 1282 2332 omnis
1318 2284 1403 2331 caro

260 2376 428 2442 salutare
452 2373 522 2452 dei,
545 2393 608 2440 non
630 2373 742 2457 utique
765 2373 828 2439 nisi
852 2373 890 2438 de
909 2375 1021 2453 anima,
1042 2391 1105 2457 qua
1126 2374 1211 2438 uiuit
1228 2392 1311 2452 caro,
1330 2392 1404 2438 cum

260 2484 355 2548 etiam
378 2482 559 2566 peripsam
584 2500 708 2546 carnem
732 2488 873 2547 nostram
896 2479 1060 2547 Christum
1082 2482 1134 2565 pie
1156 2481 1274 2559 uidere,
1298 2480 1331 2545 id
1355 2486 1406 2545 est

260 2589 403 2667 formam,
432 2607 494 2671 qna
520 2586 652 2654 indutus
681 2590 731 2653 est
757 2592 886 2672 propter
908 2607 977 2667 nos,
1000 2607 1062 2652 non
1089 2588 1248 2671 pertineat
1270 2586 1309 2651 ad
1332 2605 1404 2658 con:

261 2694 501 2777 cupiscentiam,
525 2694 582 2760 sed
605 2694 644 2759 ad
671 2694 883 2759 ministerium
911 2694 1086 2772 carpiano
1113 2693 1194 2760 forte
1222 2694 1336 2776 aliquis
1360 2694 1406 2757 ita
1422 2715 1450 2755 ro

261 2800 342 2865 uelit
365 2800 517 2884 accipere,
542 2800 627 2882 quod
651 2800 772 2865 dictum
796 2803 860 2865 est:
884 2800 1034 2866 uidebit
1057 2801 1176 2867 omnis
1201 2819 1284 2865 caro
1309 2800 1404 2865 salu·

260 2909 340 2971 tare
376 2905 452 2971 dei:
489 2908 608 2988 quanto
645 2907 872 2991 congruentius
909 2906 1026 2972 dicitur
1061 2926 1133 2973 caro
1170 2906 1405 2989 concupiscere,

262 3012 386 3095 quando
427 3012 530 3077 anima
570 3030 632 3077 non
664 3014 767 3079 solum
797 3012 886 3078 cami
927 3014 1096 3079 animalem
1133 3014 1234 3078 uitam
1264 3012 1405 3096 praebet,

261 3137 373 3183 uerum
410 3118 506 3183 etiam
543 3118 718 3183 secundum
755 3120 857 3203 ipsam
889 3138 1014 3185 carnem
1046 3120 1167 3203 aliquid
1198 3119 1406 3203 concupiscit,

263 3224 348 3307 qnod
379 3226 411 3289 in
442 3228 603 3309 potestate
634 3244 696 3291 nou
729 3213 789 3305 est,
821 3244 860 3291 ne
894 3227 1108 3310 concupiscat,
1141 3227 1292 3311 quamdiu
1323 3226 1408 3292 inest
1424 3248 1457 3289 aa

263 3334 430 3414 peccatum
449 3332 480 3395 in
499 3332 662 3411 membris,
682 3331 713 3396 id
734 3336 783 3397 est
797 3333 938 3399 uiolenta
956 3332 1110 3417 quaedam
1129 3334 1231 3399 carnis
1249 3332 1407 3398 inlecebra

262 3436 294 3501 in
328 3456 456 3521 corpore
490 3438 601 3503 mortis
634 3438 740 3517 huius,
768 3439 900 3505 ueniens
929 3440 967 3504 de
995 3440 1137 3505 uindicta
1162 3440 1251 3505 illius
1273 3439 1405 3524 peccati,

264 3546 346 3609 unde
360 3544 564 3630 propaginem
580 3544 737 3624 ducimus,
753 3545 927 3611 secundum
944 3566 1038 3629 quam
1053 3565 1162 3611 omncs
1182 3549 1254 3611 ante
1273 3546 1406 3630 gratiam

263 3648 320 3714 filii
345 3655 420 3717 sunt
443 3652 517 3718 irae.
543 3654 651 3717 contra
673 3651 757 3734 quod
780 3656 948 3734 peccatum
970 3654 1110 3719 militant
1132 3654 1191 3719 sub
1216 3652 1318 3739 gratia
1336 3670 1407 3717 con-

356 3886 389 3940 16
407 3884 472 3939 Luc.
493 3884 518 3949 3,
538 3885 554 3939 6
609 3884 643 3938 29
663 3885 696 3939 ci.
715 3884 815 3957 Ephes.
835 3887 860 3952 2,
879 3886 896 3941 3

303 4026 413 4081 leodix
431 4008 471 4081 3¹
536 4026 726 4096 dprestuntnr
743 4028 775 4082 Ε
830 4029 961 4098 casque
979 4028 1007 4083 R
1065 4029 1281 4094 baduersaptur
1300 4034 1327 4095 (n
1346 4046 1407 4099 esp.

266 4134 299 4171 m.
319 4120 344 4175 1)
364 4117 392 4171 Ρ
476 4115 750 4171 restauremus
782 4152 783 4155 =
821 4116 855 4172 10
873 4102 1108 4187 quemammodum
1127 4120 1158 4173 Ε
1227 4120 1259 4173 11
1280 4118 1412 4172 animoS

267 4206 299 4259 12
314 4204 389 4259 adist
402 4203 443 4259 12¹
493 4192 531 4258 '13
551 4208 579 4259 et
598 4206 669 4274 cum]
689 4205 773 4259 etiam
786 4221 846 4259 curn
861 4206 877 4260 b
932 4207 966 4259 14
980 4205 1158 4270 subueniretur
1171 4208 1202 4261 Ε
1213 4206 1374 4261 subuenitur
1387 4206 1411 4261 S

267 4294 299 4351 17
311 4293 365 4362 dei]
378 4282 425 4347 dni
434 4291 458 4347 S
504 4292 537 4347 18
549 4292 645 4362 piaeS
692 4294 725 4347 19
740 4293 892 4363 pertinetS
938 4294 1189 4363 22concupiscitS
1240 4296 1408 4365 25quandiu

268 4386 295 4446 (u
315 4397 347 4435 aa
366 4380 393 4449 o)
412 4381 440 4434 P
511 4382 545 4435 29
564 4381 742 4451 filii-gratia
761 4384 791 4437 irc
809 4400 859 4453 rap,
878 4384 969 4452 suppl.
989 4400 1022 4437 m.
1041 4388 1057 4437 1
1076 4384 1102 4436 Ρ
