3159 4950
680 447 899 502 Praefatio.
1293 455 1368 518 XXI

255 644 438 725 Antequam
471 643 633 727 praefandi
667 644 760 707 finem
793 642 920 709 faciam,
944 643 1006 708 hoc
1039 642 1152 708 addere
1176 644 1278 708 libet.
1295 664 1367 711 cnm

210 749 285 812 eius
319 749 467 832 opusculi
501 749 585 832 quod
608 749 801 814 Locutioues
835 750 866 813 in
894 749 1154 833 Heptateuchum
1186 750 1370 816 inscribitur

210 856 336 938 aliquot
371 857 450 922 locis
494 857 623 922 biblicis
660 857 714 920 uel
752 855 996 922 aduersantibus
1034 857 1198 922 codicibus
1237 863 1292 922 aut
1329 859 1367 922 de

210 963 394 1028 coniectura
418 967 474 1028 aut
493 964 578 1027 LXX
601 964 810 1046 interpretum
833 964 1014 1028 uersionem
1038 967 1170 1029 secutus
1195 965 1368 1046 scripturas

209 1071 419 1152 reposuerim,
454 1090 493 1135 ne
527 1091 544 1134 a
575 1071 787 1153 prudentibus
821 1070 1010 1134 temeritatis
1044 1090 1169 1155 arguar,
1202 1071 1254 1135 hic
1286 1071 1366 1134 mihi

210 1197 274 1242 non
299 1178 438 1242 alienum
464 1197 534 1242 6666
559 1177 687 1242 uidetur
710 1178 848 1242 strictim
872 1195 1036 1260 exponere,
1061 1197 1125 1259 qua
1146 1197 1179 1242 re
1203 1181 1240 1242 ut
1263 1197 1281 1242 a
1303 1197 1367 1242 me-

210 1285 314 1348 moria
337 1285 516 1350 recederem
542 1289 722 1349 commotus
761 1285 833 1348 sim.
873 1287 968 1366 atque
1004 1284 1186 1367 quindecim
1222 1285 1286 1349 loci
1323 1285 1367 1347 ita

211 1394 290 1454 sunt
327 1391 509 1473 comparati,
551 1392 588 1455 ut
626 1394 682 1455 aut
718 1391 749 1454 in
787 1391 870 1454 61116.
891 1391 1067 1474 Augustini
1103 1390 1231 1472 scriptis
1268 1391 1367 1473 probe

209 1495 356 1560 restituti
387 1497 537 1579 legantur
569 1499 625 1560 aut
657 1496 688 1559 in
723 1495 919 1578 expositione
957 1495 1028 1559 loco
1066 1495 1211 1577 apposita
1247 1499 1304 1558 aut
1334 1494 1366 1558 in

210 1602 362 1684 capitulis
387 1603 561 1685 scripturae
586 1607 761 1679 occurrant,
787 1621 868 1684 quae
891 1601 1018 1666 traditis
1042 1601 1074 1665 iu
1099 1601 1263 1666 codicibus
1287 1602 1365 1665 mihi

208 1709 433 1791 praeferendae
456 1709 546 1774 uisae
571 1709 645 1774 siut.
666 1712 742 1774 sunt
761 1713 868 1773 autem
886 1709 935 1773 hi:
961 1711 1036 1788 508,
1058 1711 1115 1784 23;
1141 1710 1216 1786 516,
1237 1710 1290 1774 21.
1307 1709 1366 1778 24;

210 1817 289 1894 522,
316 1817 370 1892 14;
401 1819 477 1893 523,
502 1819 535 1891 3;
563 1817 638 1892 530,
664 1819 720 1892 22;
748 1817 822 1894 538,
848 1817 905 1892 25;
935 1817 1011 1894 560,
1036 1817 1094 1892 23;
1125 1817 1199 1894 561,
1226 1816 1260 1891 1;
1286 1817 1362 1880 567.

212 1923 270 1996 ran
298 1923 372 2000 571,
400 1925 455 1997 rr;
481 1925 557 2002 ara,
583 1925 639 1999 ra
661 1923 736 2003 578,
753 1925 810 1998 25;
828 1924 955 2001 acan
972 1921 1366 1998 6666666666-
1463 1928 1468 1934 ·

208 2029 353 2095 sedecim
367 2049 499 2096 numero
514 2067 557 2077 —
571 2031 669 2095 uariis
685 2030 723 2094 de
744 2031 849 2096 causis
866 2031 906 2094 ad
920 2049 1067 2114 graecam
1086 2030 1267 2095 uersioaem
1285 2029 1364 2094 mihi

208 2137 386 2220 refingendi
410 2155 480 2202 esse
504 2136 704 2202 uidebantur.
730 2157 807 2202 uum
831 2138 890 2202 hos
910 2142 942 2201 et
960 2136 1040 2201 61166
1065 2137 1137 2201 61116
1160 2137 1193 2201 in
1217 2135 1366 2219 operibus

189 2246 413 2332 ‚occurrentes
432 2243 569 2308 feliciter
587 2242 844 2320 restaurauerim,
864 2261 962 2326 penes
980 2243 1101 2325 peritos
1124 2243 1237 2306 harum
1260 2261 1365 2308 rerum

208 2349 446 2414 existimatores
470 2349 626 2415 iudicium
651 2353 730 2414 esto,

255 2455 426 2540 Reliquum
458 2460 518 2535 est,
550 2461 588 2521 ut
620 2455 738 2541 gratias
772 2476 865 2539 agam
898 2454 1085 2521 ministeriis
1117 2455 1266 2539 publicis
1297 2476 1365 2521 aca-

210 2564 334 2629 demiae
367 2564 556 2641 litterarum,
590 2564 857 2628 bibliothecarum
894 2562 1064 2645 praelectis
1104 2563 1240 2646 aliisque
1276 2564 1365 2641 61116,

209 2670 267 2753 qui
290 2670 436 2735 subsidia
458 2670 568 2735 critica
592 2670 783 2753 congerendi
803 2669 927 2750 copiam
947 2669 1002 2732 alii
1021 2688 1125 2750 opera,
1150 2669 1206 2733 alii
1228 2670 1367 2734 liberali-

208 2777 354 2846 16166111
370 2784 505 2859 utroque
516 2776 594 2840 mihi
609 2776 713 2841 officio
723 2776 868 2840 lecerunt
879 2824 886 2839 .
897 2778 967 2839 tum
982 2778 1072 2859 grata
1086 2777 1193 2840 mente
1209 2794 1262 2840 666
1278 2776 1365 2841 uiros

208 2882 324 2947 doctos
338 2900 490 2961 memoro,
506 2881 560 2965 qui
575 2883 748 2946 molestum
763 2882 905 2947 laborem
922 2881 1067 2947 codicum
1084 2882 1364 2947 examinandarum

208 2989 388 3068 subierunt,
421 2989 491 3055 dico
525 2990 561 3055 E.
594 2988 742 3067 Kalisia,
774 2988 811 3053 F.
839 2988 957 3066 166616,
980 2988 1028 3052 Pl.
1053 2988 1203 3073 Weigel.
1223 2989 1309 3071 quod
1332 2988 1364 3053 id

208 3115 286 3161 cum
308 3096 415 3161 fructu
439 3114 561 3177 suoque
584 3098 726 3178 temporo
752 3095 894 3159 euenerii
914 3094 1065 3159 Guilelmi
1090 3094 1227 3159 Hartelii
1250 3096 1363 3160 horum

207 3201 390 3267 studiorum
414 3200 548 3266 fautoris
573 3220 716 3266 summae
742 3220 816 3284 erga
839 3220 890 3265 me
913 3200 1155 3266 beneuolentiae
1180 3201 1293 3266 debere
1312 3220 1363 3265 me

206 3312 249 3373 ut
279 3307 428 3390 profitear
460 3307 558 3392 erigit
590 3307 745 3390 aequitas.
783 3310 945 3389 postremo
984 3326 1046 3372 non
1084 3326 1216 3391 possum
1251 3306 1362 3373 Carolo

206 3415 313 3479 Ziwsa
355 3414 431 3480 olim
469 3414 610 3498 collegae
648 3432 719 3479 meo
760 3432 844 3478 nunc
886 3413 988 3479 amico
1031 3414 1164 3479 candido
1206 3415 1360 3479 maximas

204 3520 330 3606 gratias
353 3540 414 3586 uon
435 3540 527 3605 agere
544 3570 551 3587 .
566 3540 640 3585 nam
659 3521 687 3586 16
707 3540 780 3585 cum
797 3518 907 3603 Optati
925 3520 1016 3585 libris
1036 3520 1166 3585 edendis
1186 3524 1360 3604 occupatus

204 3627 345 3709 aliisque
368 3626 506 3712 negotiis
531 3626 764 3711 operosissimis
785 3626 944 3692 distentus
964 3630 1051 3693 esset
1069 3631 1174 3692 tamen
1189 3628 1362 3712 Augustini

203 3734 299 3818 operi
321 3734 525 3817 perpoliendo
550 3752 674 3816 semper
697 3734 836 3799 uacauit.

255 3923 439 3989 Scribebam
459 3923 665 3989 vindobonae
684 3944 794 3990 mense
814 3926 944 3990 Octobri
963 3946 990 3992 a.
1010 3924 1360 3991 MDCCCLXXXXIII.

958 4135 1108 4218 Irraepdrus
1132 4135 1247 4219 chlrc.
