3159 4950
474 446 516 500 dc
544 446 686 500 Genesi
715 448 758 501 ad
785 448 969 502 litteram
1000 447 1065 504 lib.
1096 449 1127 502 V.
1297 457 1359 518 155

215 643 361 723 operibus
398 643 430 705 in
464 642 514 706 dic
551 643 687 726 septimo
724 643 894 726 requiebit,
933 644 1026 708 aliter
1063 645 1125 710 ista
1163 665 1272 711 eorum
1311 646 1363 710 ad-

215 747 456 824 ministratione,
486 767 548 831 qua
575 768 677 832 usque
705 768 789 814 nunc
819 751 1035 831 operatur:id
1065 755 1124 828 est,
1154 755 1230 816 tunc
1259 753 1363 816 omnia

215 854 310 918 simul
329 855 396 919 sine
415 855 491 920 ullis
509 856 733 939 temporalium
752 875 911 921 morarum
931 857 1119 933 interuallis,
1149 877 1232 924 nunc
1255 864 1361 924 autem

213 980 268 1043 per
289 964 469 1043 temporum
490 981 607 1028 moras.
631 945 747 1044 quibus
775 963 923 1028 uidemus
953 963 1055 1028 sidera
1083 965 1204 1030 moueri
1228 966 1266 1030 ab
1292 969 1362 1030 ortu

182 1090 196 1128 s
214 1067 252 1130 ad
267 1087 425 1144 occasum,
445 1071 567 1132 caelum
579 1070 695 1132 mutari
711 1071 752 1134 ab·
765 1073 885 1134 aestate
902 1069 939 1134 ad
955 1071 1101 1148 hiemem,
1113 1071 1255 1156 germina
1269 1074 1362 1136 certis

215 1174 332 1239 diemm
349 1176 519 1240 momentis
534 1176 700 1258 pullulare,
714 1177 931 1260 grandescere,
946 1177 1110 1256 unescere,
1132 1197 1282 1252 arescere,
1299 1179 1362 1242 aui-

213 1282 308 1344 malia
330 1300 455 1364 qnoque
479 1283 609 1346 statutis
632 1285 812 1366 temporum
836 1283 932 1348 metis
956 1287 988 1348 et
1012 1284 1157 1348 cursibus
1182 1286 1214 1348 et
1238 1283 1361 1368 concipi

214 1391 246 1450 et
268 1388 376 1470 pertici
400 1391 432 1451 et
454 1389 542 1453 nasci
565 1391 597 1452 et
619 1409 674 1472 per
698 1394 819 1454 aetates
839 1409 940 1472 usqne
964 1390 995 1454 in
1021 1391 1144 1454 senium
1163 1393 1361 1472 mortemque

215 1493 376 1559 decurrere
401 1497 433 1558 et
455 1499 561 1560 cetera
584 1495 768 1561 lminsmodi
791 1497 988 1579 temporalia.
1013 1497 1084 1579 quis
1109 1497 1191 1561 enim
1214 1500 1361 1580 operatur

169 1624 195 1662 ιο
213 1600 275 1664 ista
302 1601 365 1665 nisi
392 1601 470 1666 dens
500 1603 596 1668 etiam
624 1603 691 1668 sine
720 1604 787 1668 ullo
816 1603 874 1666 tali
904 1623 961 1668 sno
991 1605 1101 1667 motu?
1130 1621 1192 1666 non
1221 1604 1304 1668 enim
1330 1607 1361 1670 et

211 1707 273 1790 ipsi
305 1708 422 1773 accidit
456 1713 596 1793 tempus.
632 1711 715 1775 inter
750 1710 808 1776 illa
845 1729 919 1794 ergo
958 1729 1051 1793 opera
1088 1709 1148 1786 dei,
1191 1730 1208 1774 a
1245 1711 1361 1793 quibus

212 1815 370 1897 requierit
391 1815 424 1879 in
448 1815 498 1880 die
522 1818 669 1900 septimo,
694 1820 727 1882 et
748 1817 822 1894 ista,
853 1835 931 1898 quae
961 1836 1062 1898 usquc
1091 1835 1173 1882 nnnc
1204 1821 1361 1900 operatur,
1424 1861 1430 1873 .

213 1922 369 2003 quendam
407 1923 563 2006 scriptura
599 1926 802 2006 interponens
846 1943 921 1988 suae
963 1924 1148 1988 narrationis
1191 1924 1361 1990 articulum

214 2029 451 2094 commendauit
473 2049 507 2094 se
531 2031 588 2094 illa
611 2031 785 2114 explicasse
814 2033 846 2096 et
875 2031 980 2114 coepit
1008 2031 1071 2094 iarn
1099 2031 1161 2096 ista
1186 2017 1361 2095 conterere.

169 2159 194 2198 n
211 2137 339 2200 illomm
376 2137 603 2219 explicatorum
640 2137 872 2202 commendatio
912 2137 958 2202 sic
994 2138 1079 2202 facta
1111 2139 1174 2200 est:
1209 2137 1269 2200 hic
1302 2138 1362 2200 est

211 2243 310 2306 liber
337 2250 534 2309 creaturae
562 2246 659 2309 caeli
688 2249 725 2309 ct
751 2249 884 2318 terrae,
915 2262 996 2308 cum
1025 2243 1153 2308 factus
1183 2245 1241 2306 est
1269 2242 1359 2318 dies,

212 2349 307 2413 tecit
344 2349 435 2416 deus
473 2353 617 2416 caelum
655 2355 691 2416 et
728 2355 865 2415 terram
904 2353 940 2414 et
974 2369 1078 2414 omne
1111 2349 1233 2413 uiride
1268 2349 1359 2430 agri,

213 2459 413 2539 antequam
446 2460 549 2523 esset
581 2476 693 2539 super
725 2460 873 2533 terram,
908 2461 943 2521 et
973 2476 1077 2522 omne
1110 2455 1236 2521 lenum
1269 2454 1359 2539 agri,

212 2568 412 2645 antequam
446 2568 672 2630 exoraretur.
706 2584 776 2629 non
811 2565 906 2628 enim
939 2566 1090 2646 pluerat
1122 2562 1213 2627 dens
1247 2552 1361 2645 super

167 2676 348 2735 interram
391 2675 428 2735 et
467 2672 575 2737 homo
613 2691 683 2737 nou
721 2674 811 2737 erat.
850 2672 912 2753 qui
952 2674 1171 2753 operaretur
1207 2673 1357 2734 terram.

212 2776 347 2841 istorum
366 2778 474 2841 antem
494 2778 652 2843 contextio
671 2779 718 2842 sic
737 2778 857 2859 coepit:
883 2778 966 2841 fons
986 2788 1110 2841 autem
1130 2775 1361 2841 ascendebat

212 2883 255 2947 de
286 2886 387 2947 terra
419 2888 455 2949 et
486 2884 678 2967 inrigabat
711 2904 852 2949 omnem
891 2885 1027 2949 faciem
1063 2888 1197 2949 terrae.
1232 2883 1270 2946 ab
1301 2882 1360 2947 hac

213 2990 511 3056 commemoratione
534 2992 632 3055 fontis
655 2992 752 3056 huius
776 2995 808 3054 et
832 2990 980 3073 deinceps
1005 3010 1050 3067 ea,
1080 3010 1159 3072 quae
1183 2992 1358 3065 narrantur,

212 3116 267 3179 per
288 3116 393 3161 moras
416 3102 595 3181 temporum
617 3098 703 3163 facta
725 3101 809 3171 sunt,
834 3117 895 3162 non
921 3098 1027 3163 omnia
1050 3098 1156 3163 simul.

166 3226 194 3265 aa
257 3205 309 3267 12.
349 3202 429 3269 enm
466 3223 540 3288 ergo
580 3204 671 3269 aliter
708 3223 741 3268 se
783 3205 921 3269 habeant
963 3204 1103 3268 omnium
1146 3206 1359 3267 creaturarum

211 3310 349 3374 rationes
376 3310 655 3375 incommutabiles
682 3310 715 3373 in
742 3310 842 3376 uerbo
871 3310 932 3378 dei.
962 3310 1053 3375 aliter
1081 3310 1148 3373 eius
1176 3308 1231 3371 illa
1255 3326 1359 3390 opera,

301 3539 336 3591 15
355 3535 422 3591 Gen.
442 3538 468 3602 2,
486 3537 512 3590 4.
532 3539 549 3590 5
604 3538 635 3592 21
658 3536 725 3593 Gen.
745 3538 770 3600 2,
791 3540 807 3591 ti

249 3652 262 3704 l
282 3651 365 3704 istam
383 3650 421 3705 bd
492 3666 582 3705 earum
602 3650 662 3705 81111
733 3650 978 3705 aministrationem
998 3650 1026 3703 P
1043 3649 1313 3703 amministrationem
1333 3649 1360 3703 R

212 3740 476 3794 administrationem
495 3739 533 3793 bd
594 3741 611 3793 4
630 3755 691 3793 carm
710 3739 808 3809 quibus
826 3738 880 3793 inc.
900 3754 960 3806 cap.
980 3736 1072 3791 XVIII
1091 3738 1120 3791 Ε
1176 3737 1318 3791 bhestnte
1339 3736 1361 3791 S

211 3829 228 3883 6
247 3828 380 3898 pullulare
401 3829 495 3897 (prim.
515 3829 565 3883 la.
587 3830 604 3882 l.
623 3846 657 3883 m.
679 3830 705 3890 1)
726 3827 749 3882 S
856 3828 986 3881 nitescere
1006 3843 1057 3881 om.
1077 3826 1093 3879 b
1185 3826 1200 3878 7
1220 3824 1300 3879 metis
1319 3824 1358 3879 R¹

211 3917 390 3973 curribusE¹
462 3918 614 3987 etconpri
632 3920 710 3987 (eta.
729 3918 748 3972 I.
767 3934 803 3972 m.
824 3918 849 3976 Il
868 3917 898 3971 E
958 3916 991 3969 10
1010 3932 1058 3969 suo
1078 3914 1171 3969 taliS
1233 3916 1263 3969 ll
1285 3930 1358 3969 acce·

211 4006 253 4061 dit
269 4007 310 4062 Ει
367 4008 399 4062 12
418 4008 516 4077 quali
578 4006 765 4075 laqueatam
783 4006 823 4060 Ει
896 4006 1056 4077 scripturam
1076 4008 1113 4068 (m
1133 4020 1246 4073 capra.
1267 4002 1361 4071 1)PS

213 4097 246 4150 14
258 4112 300 4151 se·
315 4095 343 4161 (d
356 4096 448 4162 01111
520 4095 649 4165 caepitS
700 4096 735 4152 18
748 4095 857 4149 foenum
874 4094 906 4149 8¹
925 4094 1034 4149 faenum
1049 4090 1138 4149 PRS²
1193 4093 1359 4147 190101110-

209 4188 256 4239 tnr
273 4184 334 4239 de
399 4185 435 4239 20
454 4185 581 4239 ethome
600 4204 655 4240 non
674 4185 744 4254 erat]
765 4201 814 4239 nec
834 4190 892 4239 erat
910 4184 990 4239 homo
1009 4182 1123 4238 PRde
1195 4182 1242 4250 qui
1262 4182 1281 4251 (i
1298 4198 1319 4236 s.
1341 4182 1359 4235 l.

210 4290 244 4327 aa.
265 4274 292 4343 1)
309 4274 337 4328 R
401 4275 434 4327 21
455 4276 591 4329 contextio
611 4276 652 4341 (ior
670 4291 722 4344 rap.
742 4275 771 4327 al
790 4274 949 4338 conexiolb
1023 4272 1155 4343 caepitS
1207 4271 1241 4324 22
1260 4270 1311 4325 hac
1330 4272 1358 4338 (tr

210 4379 232 4415 e.
252 4362 270 4416 1.
288 4378 323 4416 m.
344 4362 371 4431 I)
391 4363 419 4417 R
482 4364 517 4417 23
536 4380 588 4435 que
607 4363 636 4417 R
698 4364 733 4417 25
752 4379 813 4431 cap.
834 4362 940 4416 XVIIII
959 4362 988 4416 Ε
1049 4362 1083 4414 26
1102 4361 1227 4417 illaeius
1246 4358 1361 4415 PRde
