3159 4950
285 476 350 541 462
447 472 474 527 S.
497 471 612 527 Aureli
635 470 818 543 Augustini
843 470 880 525 dc
904 470 1028 526 Genesi
1052 470 1091 523 ad
1115 470 1267 526 litteram

285 668 439 752 principio
459 671 560 733 otest
582 666 772 751 principium
791 686 864 733 eum
883 667 945 734 alio
963 668 1128 752 principio.
1152 666 1343 750 principium
1361 667 1428 731 siue

286 774 438 858 principio
468 775 556 839 solus
583 776 674 857 pater
701 776 763 847 eet:
797 774 869 840 ideo
898 794 935 839 er
962 794 1026 840 uuo
1053 774 1206 859 principio
1231 792 1302 840 esse
1326 772 1430 839 omnia

286 881 457 947 credimus.
488 880 573 945 filius
607 884 715 947 autern
746 881 793 945 ita
823 882 1014 965 principium
1042 885 1101 960 est,
1130 883 1167 945 ut
1194 882 1233 947 de
1260 882 1350 962 patre
1378 880 1429 946 sit.

286 989 357 1071 ipsa
380 989 476 1053 etiam
498 988 601 1070 primo
624 992 767 1055 creatura
788 988 1016 1054 intellectualis
1035 992 1144 1072 potest
1162 988 1225 1053 dici
1242 986 1432 1070 principium

287 1096 338 1161 his
375 1095 491 1179 quibus
528 1098 625 1178 caput
661 1098 720 1173 est,
758 1114 838 1178 quae
875 1097 953 1162 lecit
988 1096 1077 1161 deus.
1116 1115 1189 1161 cum
1227 1095 1310 1161 enirn
1347 1099 1432 1158 recte
1468 1112 1485 1154 e

290 1204 467 1286 appelletur
502 1202 692 1287 principium
729 1207 839 1285 eaput,
880 1204 913 1268 in
949 1204 1005 1269 illa
1042 1203 1225 1289 gradatione
1270 1200 1434 1283 apostolus

290 1309 457 1375 mulierem
494 1310 618 1375 tautum
654 1328 716 1375 nou
750 1309 829 1374 dixit
864 1316 959 1393 ceput
991 1310 1137 1375 alieuius.
1166 1328 1238 1374 num
1267 1313 1301 1374 et
1331 1308 1436 1372 uimm

292 1414 371 1480 dixit
393 1420 489 1500 caput
511 1416 654 1481 mulieris
683 1420 716 1480 et
743 1419 840 1499 caput
865 1417 927 1481 uiri
951 1416 1113 1483 Christum
1141 1420 1175 1482 et
1197 1419 1294 1501 caput
1316 1414 1436 1486 Christi

293 1522 402 1598 deum;
426 1523 472 1587 ita
495 1522 628 1587 creatori
652 1524 795 1587 creatura
818 1523 1027 1590 subnectitur.
1122 1516 1127 1557 ³

336 1630 385 1695 An
404 1629 475 1694 ideo
494 1629 530 1693 in
550 1628 737 1712 principio
757 1628 879 1694 dictum
898 1632 957 1705 est,
977 1630 1052 1712 quia
1068 1630 1207 1713 primum
1226 1631 1347 1695 factum
1366 1632 1437 1694 est?
1460 1649 1489 1687 ιο

293 1754 332 1799 an
360 1755 422 1801 non
449 1735 556 1819 potuit
581 1734 666 1799 iuter
693 1738 853 1801 creaturas
879 1736 1017 1819 primum
1046 1736 1114 1801 fieri
1142 1738 1268 1806 caelum
1291 1740 1324 1803 et
1345 1741 1437 1808 terra,

294 1844 323 1908 si
355 1842 459 1928 augeli
492 1845 525 1907 et
556 1861 665 1907 omnes
697 1836 932 1908 intellectuales
964 1845 1140 1925 potestates
1173 1845 1310 1927 primum
1337 1843 1440 1908 factae

295 1953 379 2027 sunt,
404 1949 479 2032 quia
501 1951 533 2013 θῖ
556 1948 685 2031 angelos
710 1951 886 2013 creaturam
910 1949 961 2014 dei
984 1952 1018 2014 et
1035 1950 1074 2014 ab
1095 1968 1131 2016 eo
1150 1951 1252 2015 factos
1276 1949 1441 2015 credamus

295 2074 426 2121 necesse
445 2058 515 2120 est?
533 2074 606 2120 nam
625 2058 658 2119 et
677 2056 807 2139 angelos
826 2057 1026 2121 euumeruuit
1044 2057 1199 2139 propheta
1216 2058 1248 2120 iu
1268 2057 1441 2121 centesimo

297 2163 537 2247 quadragesimo
573 2166 686 2228 octauo
718 2164 853 2246 psalmo,
886 2182 959 2228 cum
992 2164 1084 2229 dixit:
1117 2165 1200 2248 ipse
1236 2163 1368 2240 iussit,
1407 2165 1444 2227 et
1464 2182 1493 2221 re

296 2272 398 2335 iacta
417 2272 518 2346 sunt;
538 2270 619 2352 ipse
638 2269 842 2346 mandauit,
863 2273 901 2335 et
919 2274 1046 2337 creata
1065 2275 1162 2337 sunt.
1184 2269 1240 2335 sed
1260 2270 1288 2335 si
1304 2270 1444 2354 primum

297 2376 373 2441 lacti
396 2379 472 2441 suut
495 2376 610 2461 angeli,
634 2377 742 2459 quaeri
765 2378 883 2460 potest,
912 2379 1020 2441 utrum
1042 2377 1240 2460 intempore
1266 2374 1346 2440 facti
1370 2378 1446 2440 sunt

299 2501 336 2546 un
361 2485 433 2547 aute
458 2502 550 2547 omne
573 2485 700 2564 tempus
725 2501 763 2546 an
787 2482 819 2547 in
844 2483 970 2550 exordio
994 2485 1159 2567 temporis.
1183 2482 1267 2548 siin
1290 2487 1443 2566 tempore,

297 2589 361 2654 iam
384 2592 450 2653 erat
473 2591 611 2672 tempus,
635 2591 805 2671 antequam
829 2589 934 2673 augeli
957 2589 1080 2666 fiereut3
1109 2593 1143 2653 ct
1170 2589 1319 2672 quoniam
1348 2590 1444 2652 etium

298 2699 427 2779 tempus
459 2696 565 2778 ipsum
599 2698 742 2760 ereatura
774 2698 835 2774 est,
867 2696 981 2779 incipit
1011 2715 1142 2761 necesse
1171 2714 1242 2760 esse
1265 2697 1304 2760 ut
1326 2694 1445 2778 aliquid
1465 2717 1496 2755 eo

300 2802 388 2886 prius
416 2821 511 2884 quam
539 2801 668 2884 angelos
696 2802 818 2867 iactum
845 2802 1049 2884 accipiamus.
1080 2803 1108 2866 si
1135 2805 1241 2866 autem
1265 2803 1298 2866 iu
1321 2800 1446 2867 exordio

301 2909 454 2990 temporis
490 2907 593 2974 factos
631 2909 782 2986 dicimus,
826 2913 864 2973 ut
904 2928 978 2973 curn
1013 2907 1093 2992 ipsis
1130 2908 1271 2991 coeperit
1308 2911 1446 2989 tempus.

301 3015 470 3080 dicendum
493 3018 543 3079 θεῖ
564 3015 682 3079 falsum
706 3034 787 3094 esse,
812 3015 898 3098 quod
920 3014 1049 3099 quidam
1072 3015 1195 3093 uolunt,
1215 3033 1290 3079 cum
1308 3015 1395 3079 caclo
1416 3017 1448 3078 et

301 3125 384 3186 terra
406 3125 533 3204 tempus
558 3139 628 3186 esse
652 3122 807 3205 coepisse.
896 3129 898 3132 ‘

348 3227 382 3293 Si
405 3231 512 3292 autem
535 3227 624 3312 prius
648 3247 743 3311 quam
760 3231 889 3311 tempus
908 3229 1015 3312 angeli
1032 3227 1108 3293 facti
1128 3231 1213 3308 sunt,
1233 3225 1448 3311 quaerendum
1468 3247 1498 3287 es

304 3338 363 3414 θεῖ,
388 3333 547 3419 quomodo
572 3335 693 3400 dictum
717 3335 761 3400 sit
782 3334 817 3400 iu
840 3335 1123 3417 consequentibus:
1153 3338 1190 3399 et
1218 3333 1314 3398 dirit
1340 3332 1448 3397 deus:

304 3443 402 3508 fiant
421 3441 624 3507 luminaria
641 3443 678 3506 iu
697 3441 937 3508 firmamento
962 3441 1059 3507 caeli
1074 3491 1083 3520 ‚
1099 3445 1140 3506 ut
1162 3442 1319 3507 luceant
1337 3459 1450 3523 super

394 3689 412 3743 8
431 3688 465 3742 ci.
483 3687 497 3742 1
516 3685 575 3743 Gor.
596 3689 638 3752 ll,
658 3689 674 3740 8
730 3687 763 3740 16
781 3686 826 3741 Ρε.
849 3685 909 3750 148,
928 3687 945 3738 5
1000 3685 1036 3739 27
1054 3685 1121 3739 Gen.
1144 3686 1167 3749 1,
1189 3686 1222 3740 14

344 3850 438 3906 lcum
458 3846 500 3916 (ia
516 3861 566 3914 ηιμ.
584 3845 656 3912 forte
675 3843 758 3909 deici
834 3843 919 3914 princ.
938 3845 997 3898 sine
1014 3844 1148 3914 principio
1167 3861 1218 3898 om.
1236 3843 1274 3897 M
1341 3844 1451 3914 4prin-

308 3932 751 4009 cipiumiteratumm.2ecp.1¹
803 3933 892 3986 sniis
910 3932 972 3987 ML
990 3933 1059 3987 iisd
1112 3934 1260 4003 itsntum]
1278 3935 1371 3987 tamen
1390 3933 1454 3988 th
1576 3994 1577 4009 χ

309 4024 433 4093 alicuius]
454 4019 580 4076 alieniV
633 4020 666 4074 10
679 4021 709 4074 iu
723 4019 856 4090 principio
870 4019 931 4074 ideo
948 4019 984 4074 Τι
1055 4021 1218 4091 quoniamd
1266 4021 1297 4075 11
1313 4021 1453 4075 terraruL

309 4113 342 4169 12
358 4129 450 4178 purnes
464 4113 615 4181 potestates
629 4113 731 4174 (omnes
746 4109 798 4166 del.
812 4127 846 4164 m.
860 4109 929 4179 2JT
972 4111 1006 4164 15
1020 4109 1207 4165 CXLVIH⁰L
1277 4108 1456 4163 ·XLVII[·M
1576 4162 1577 4171 ,

310 4202 376 4258 dicit
390 4200 416 4257 V
450 4201 482 4254 17
496 4204 563 4268 pest
575 4199 624 4266 fia.
635 4201 699 4252 suut
712 4197 778 4252 add.
793 4199 893 4268 augeli.
907 4196 990 4264 Queri
1002 4202 1093 4271 potest
1107 4203 1198 4253 utrum
1209 4198 1239 4252 in
1251 4199 1374 4268 tempore
1387 4196 1454 4252 faeti

311 4296 374 4347 suut
391 4291 423 4346 ia
441 4289 499 4344 cod.
523 4286 550 4340 V
618 4287 652 4340 22
670 4286 748 4357 ipsis]
770 4289 900 4358 temporis
918 4289 946 4342 L
1018 4287 1053 4342 23
1071 4287 1213 4342 noluutT
1283 4291 1348 4342 ente
1367 4286 1454 4358 celum

311 4384 340 4436 et
357 4384 429 4434 term
451 4377 552 4436 TMLb
