3159 4950
260 466 325 531 442
613 462 640 517 S.
668 461 805 516 Aureli
832 462 1055 531 Augustini

345 664 397 722 XV
419 662 524 721 blonns
539 662 586 721 dei
601 665 716 721 estnon
731 662 847 721 uisibilo
861 662 1029 731 membrum,
1041 662 1092 721 sod
1108 662 1254 722 officiendi
1268 664 1408 737 potentio.

329 752 397 811 XVI
418 753 577 811 Instructio
602 751 688 811 etiarn
711 768 770 811 non
793 767 885 825 porco
907 769 941 811 eu
965 753 1077 810 statura
1101 752 1229 825 corporis
1257 753 1349 812 ucstn'
1372 753 1409 812 ad

424 841 563 901 coelestio
584 840 769 915 reputreudo.

314 931 398 991 XVII
421 931 503 1001 Quod
525 930 661 989 uoluntas
684 930 732 989 dei
754 929 794 987 sit
817 946 928 989 summo
951 946 1048 1001 conss,
1068 948 1086 988 o
1105 947 1163 1005 quo
1186 948 1281 990 rorum
1305 947 1409 991 causae

425 1018 649 1091 ordinatissime,
672 1022 707 1077 ut
729 1018 756 1078 ei
778 1019 902 1093 placuit·
922 1019 1087 1081 extiterunt.
1442 1040 1454 1078 ι

302 1109 402 1168 XVIII
425 1108 572 1179 Quaestio,
595 1111 691 1167 utrum
715 1108 796 1183 ortgc
819 1108 964 1183 perfectas
991 1108 1022 1167 iu
1045 1125 1076 1167 so
1104 1125 1200 1167 rerum
1228 1109 1335 1169 formas
1358 1127 1410 1184 ge-

424 1197 510 1258 starit
536 1215 575 1255 en
602 1196 794 1272 perficiendas
823 1214 875 1272 por
901 1200 1062 1271 temporum
1089 1197 1199 1273 legales
1221 1214 1357 1258 numeros
1382 1202 1411 1256 et

424 1304 577 1347 successus
601 1288 739 1357 aetatum,
759 1289 789 1345 et
811 1287 1004 1361 respondetur
1025 1288 1179 1362 utrumque
1202 1286 1326 1346 indItum
1348 1288 1409 1361 pri-

424 1375 613 1436 mordialibus
640 1376 745 1445 censis,
775 1392 831 1450 quc
860 1379 992 1435 creatura
1019 1375 1112 1435 omnis
1140 1378 1176 1436 ab
1207 1376 1318 1451 origine
1342 1394 1410 1437 con·

425 1465 545 1524 dittonis
567 1482 637 1524 suae
659 1465 770 1524 seruiat
791 1463 911 1525 arbitrio
936 1464 1083 1527 creatoris.
1429 1488 1455 1527 ιο

288 1556 403 1615 XVIIII
424 1554 481 1613 Hic
496 1555 645 1614 uoluntate
660 1554 708 1613 dei
722 1554 938 1629 omnipotentis,
952 1554 1083 1615 bouItote
1099 1556 1127 1614 et
1141 1554 1221 1614 nullo
1235 1555 1410 1615 necessitate

425 1642 570 1703 homiuem
593 1643 698 1702 fecisse
722 1644 823 1703 subtili
848 1644 1043 1718 disputatione
1066 1646 1254 1703 monstratur.

348 1734 400 1792 XX
421 1734 461 1791 Et
491 1733 540 1792 hic
569 1749 656 1805 posse
689 1734 718 1791 et
750 1750 870 1791 necesso
895 1750 1068 1807 essequam
1091 1733 1150 1792 uim
1177 1734 1208 1793 in
1235 1734 1334 1793 uerbis
1362 1734 1410 1793 uel

425 1822 536 1881 effectis
559 1822 709 1881 obtineant
731 1821 920 1881 subtilissmo
945 1821 1167 1884 demonstratur.

335 1912 402 1970 XXI
424 1910 481 1969 Hic
507 1910 647 1970 Ezechias
679 1908 826 1969 inducitur
853 1911 891 1970 sd
919 1911 1121 1971 documentum
1153 1910 1358 1986 possibilitatis
1381 1913 1411 1970 ot
1429 1932 1455 1973 15

423 2000 618 2061 necessitatis.

317 2090 398 2149 XXII
422 2090 503 2159 Quod
526 2089 621 2148 Adam
645 2088 813 2148 credibilius
837 2088 950 2149 dinstur
972 2089 1119 2163 perfectae
1142 2089 1291 2149 uirilitotIs
1314 2089 1409 2149 lactus

425 2178 529 2239 adeo.

305 2269 401 2327 XXIII
425 2268 531 2338 Quaeri
555 2267 639 2340 solet,
662 2268 758 2326 utrum
781 2266 905 2325 animale
930 2284 1034 2341 corpus
1057 2268 1113 2327 hoc
1135 2270 1266 2327 nostrum
1289 2266 1329 2327 sit
1350 2266 1409 2328 tor-

426 2359 535 2415 natum
559 2373 574 2415 o
597 2356 666 2417 limo
689 2373 727 2415 on
751 2355 892 2431 spiritale.
1429 2378 1455 2418 ro

293 2448 405 2506 XXIIII
428 2446 496 2506 Allo
518 2444 660 2521 quaestio,
683 2449 780 2505 utrum
804 2444 936 2520 spirltolo
960 2462 1063 2520 corpus
1087 2444 1126 2505 sit
1148 2444 1243 2506 iactus
1261 2446 1365 2506 Adam.

327 2537 405 2596 XXV
426 2536 505 2595 Hinc
531 2535 635 2610 incipit
661 2534 734 2595 ratio
763 2535 883 2594 edocere
912 2535 1065 2595 inmortale
1089 2553 1192 2610 corpus
1215 2535 1306 2595 fuisso
1329 2536 1410 2595 Adae

430 2627 498 2684 anto
521 2628 672 2699 peccatum
696 2641 730 2684 ac
752 2641 806 2699 por
827 2624 883 2684 lrcc
907 2627 936 2682 ot
958 2623 1099 2698 spiritale.

310 2715 403 2774 XXVI
427 2714 511 2784 Quod
534 2731 611 2774 mors
636 2714 723 2774 etiam
746 2713 874 2788 corporis
898 2715 933 2773 do
956 2717 1075 2788 peccato
1099 2713 1147 2776 sit.

294 2805 402 2864 XXVII
427 2803 511 2873 Quod
533 2803 589 2862 boc
609 2821 713 2877 corpus
732 2803 905 2878 recipiemus
923 2801 954 2862 in
973 2802 1070 2862 futuro
1089 2805 1247 2862 secundum
1267 2804 1411 2878 quondum
1429 2825 1455 2864 ιιι

426 2893 543 2951 modum
567 2894 596 2950 et
619 2910 719 2951 rursus
740 2908 799 2952 uon
822 2891 877 2953 lroc
900 2893 1059 2952 secuudum
1078 2893 1222 2967 quendam
1241 2892 1366 2952 modum.

282 2982 406 3041 XXVIII
430 2982 539 3054 Corpus
567 2973 649 3040 Adae
678 2983 707 3040 et
733 2981 855 3041 mertolo
883 2981 1040 3042 secundnm
1069 2981 1214 3056 quendam
1240 2982 1356 3042 modum
1384 2987 1413 3041 et

426 3069 578 3128 inmortale
604 3071 762 3129 secundum
786 3071 930 3144 quendem
952 3071 1078 3130 modurn.

267 3160 406 3219 XXVIIII
427 3159 484 3218 Hic
503 3159 667 3218 differentis
685 3160 849 3220 ostenditur
863 3160 991 3233 corppus
1010 3161 1077 3219 anto
1095 3161 1248 3234 peccatum
1267 3161 1296 3218 ot
1313 3161 1413 3219 nostra

427 3251 494 3321 post
516 3251 668 3323 peccatum
691 3266 727 3308 ox
749 3249 823 3323 ipso,
847 3248 997 3323 utriusque
1021 3251 1117 3307 tomen
1143 3247 1286 3308 animalis.
1430 3271 1456 3310 so

324 3337 401 3396 XXX
422 3339 459 3396 In
491 3337 545 3396 hcc
577 3355 750 3398 renouamur
782 3354 859 3397 nunc
891 3339 1051 3396 secundnm
1080 3337 1156 3413 quod
1183 3337 1282 3397 omisit
1308 3338 1411 3408 Adam,

428 3426 505 3501 quod
527 3443 605 3485 nnnc
627 3444 680 3502 per
702 3427 828 3501 gratiam
851 3429 1037 3501 recuperatur
1059 3427 1089 3486 in
1109 3427 1203 3488 nobis.
1223 3427 1317 3487 Adam
1336 3426 1412 3486 enlm

429 3518 458 3574 et
480 3515 557 3589 quod
580 3514 637 3574 fuit
660 3520 690 3574 et
714 3517 790 3590 qued
815 3533 879 3576 esse
902 3517 996 3589 potuit
1018 3517 1167 3590 peccando
1192 3515 1299 3576 omisit.

311 3605 404 3664 XXXI
424 3604 481 3663 Hic
514 3604 617 3675 elucet,
647 3604 718 3680 quid
750 3605 790 3664 sit
821 3605 851 3665 in
880 3605 961 3665 Adae
993 3605 1148 3679 pristinum
1181 3605 1258 3679 quod
1284 3603 1413 3680 perdidit

430 3692 563 3752 renouari
586 3697 615 3753 ot
638 3693 707 3769 quid
731 3693 835 3752 melius
858 3694 935 3769 quod
959 3697 1091 3768 speratur
1114 3695 1215 3754 donari
1242 3711 1294 3768 per
1315 3693 1410 3753 fidem.
1430 3713 1456 3753 ss

378 3799 588 3875 Explicueruut
611 3800 748 3875 copItuls.
773 3799 919 3876 incipiunt
941 3801 1069 3876 copItuls
1089 3801 1157 3860 libri
1179 3801 1305 3877 septimi.

311 3907 355 3965 lit
381 3905 491 3965 fiuxit
519 3904 602 3965 dous
630 3907 801 3966 hominem
830 3908 1010 3981 puluerem
1043 3908 1083 3966 do
1112 3910 1208 3967 terro
1241 3908 1274 3966 ot
1305 3907 1413 3966 fluuit

269 3995 304 4053 in
328 3994 455 4054 taciem
479 3994 553 4054 eius
572 3994 696 4054 ilatum
715 3997 813 4055 uitae
833 3997 866 4054 et
883 3995 999 4055 fuctus
1019 3999 1073 4056 ost
1093 3997 1246 4057 humeln
1265 3996 1412 4056 enirnsur

268 4083 455 4144 uiuentem.
478 4085 552 4144 baec
574 4086 665 4144 uerba
687 4084 849 4161 scrIpturao
872 4085 957 4145 nobis
980 4089 1009 4145 ot
1031 4086 1061 4145 in
1084 4085 1237 4162 priucipic.

306 4253 490 4323 Ipotentiunr
573 4254 604 4307 II
624 4253 794 4316 uoluntatem
877 4255 911 4308 14
930 4255 1073 4324 optineant
1156 4255 1191 4311 20
1210 4255 1255 4326 an]
1275 4271 1328 4310 nou
1347 4253 1413 4308 Mai

270 4323 448 4394 spiritalem.
471 4330 500 4391 1;
521 4341 556 4378 m.
580 4328 601 4379 2
623 4325 749 4380 omnebus
772 4325 839 4380 zoco
862 4342 880 4378 ιι
903 4341 925 4380 o.
953 4327 969 4380 l.
996 4327 1061 4382 cdd.
1152 4327 1188 4382 22
1206 4327 1326 4398 inquipit
1343 4343 1378 4382 m.
1398 4331 1413 4379 1

270 4396 303 4449 31
323 4395 415 4448 aurisIt
434 4399 490 4464 (pr.
509 4396 519 4448 i
536 4411 558 4450 s.
579 4397 596 4452 l.
616 4413 651 4450 m.
669 4401 694 4463 1)
751 4397 785 4450 39
805 4395 953 4452 scribturae
